1786 2956
857 319 913 364 85

844 452 923 498 XL

335 606 598 651 >Homerum
639 622 732 650 non
774 607 965 651 litteris*
991 606 1232 651 mandasse
1278 604 1481 650 carmina

287 681 445 727 variis>
462 696 521 726 ex
552 681 730 726 indiciis
761 682 881 726 effici
912 686 1076 740 potest.

833 833 931 879 ΧΠ.

351 987 485 1032 Facio
513 1003 615 1031 cum
641 986 892 1038 Pearsono,
920 986 1063 1045 quiin
1082 985 1322 1044 Sophoclis
1337 985 1480 1045 Ajace,

290 1079 353 1109 VS.
401 1065 510 1115 140,
543 1074 647 1123 pro:
681 1069 822 1116 πτηνῆς
848 1067 899 1112 ὥς
926 1068 1025 1115 ὄμμα
1052 1062 1201 1109 πελείας
1236 1060 1480 1121 legendum

287 1142 447 1185 Statuit
478 1146 597 1192 φήνης
623 1144 674 1187 ὥς
700 1146 800 1192 ὄμμα
827 1141 986 1187 πελειάς.

819 1246 945 1292 ΧΙΙΙ.

347 1369 492 1415 Locus
525 1370 732 1416 Platonis
765 1371 813 1415 in
840 1370 1058 1415 Phaedone
1083 1385 1125 1429 p.
1157 1371 1212 1415 69
1243 1369 1306 1415 Α;
1331 1377 1379 1424 μὴ
1410 1376 1479 1425 γὰρ

285 1450 351 1502 οὐχ
390 1452 485 1501 αὕτη
520 1449 544 1504 ᾖ
570 1455 594 1501 ή
624 1451 720 1503 ὀρθὴ
748 1452 839 1503 πρὸς
865 1450 999 1501 ἀρετὴν
1027 1449 1194 1498 ἀλλαγῇ,
1223 1448 1359 1499 ἡδονὰς
1390 1451 1481 1500 πρὸς

284 1528 421 1577 ἡδονὰς
460 1529 524 1567 καὶ
565 1526 686 1574 λύπας
721 1529 811 1579 πρὸς
847 1526 968 1573 λύπας
1005 1529 1068 1566 καὶ
1096 1529 1215 1580 φόβον
1244 1529 1333 1578 πρὸς
1362 1529 1481 1580 φόβον

285 1600 631 1650 καταλλάττεσθαι,
695 1604 759 1640 καὶ
822 1601 935 1652 μείζω
991 1604 1082 1652 πρὸς
1148 1600 1306 1648 ἐλάττω,
1358 1603 1480 1652 ὥσπερ

288 1678 517 1727 νομίσματα,
551 1680 732 1718 mutata
763 1674 1139 1732 interpunctione
1167 1675 1233 1718 sic
1259 1674 1478 1734 legendus

285 1755 375 1793 est:
391 1756 440 1803 μὴ
455 1757 525 1805 γὰρ
538 1754 606 1806 οὐχ
620 1752 746 1807 αὕτηῇ
762 1757 787 1803 ή
799 1753 894 1805 ὀρθὴ
909 1755 1000 1805 πρὸς
1012 1754 1160 1805 ἀρετήν,
1174 1752 1480 1803 ἂλλαγή,η’δονὰς

283 1833 358 1870 κτὲ.
400 1826 528 1872 »Non
549 1828 661 1873 haec
678 1835 746 1873 est
760 1843 872 1873 vera
890 1828 948 1873 ad
964 1815 1189 1874 virt'lltem
1207 1825 1342 1886 (via),
1361 1842 1478 1872 com-

283 1903 500 1955 mutatio,
542 1908 749 1962 (nempe)
782 1904 1047 1963 voluptates
1077 1905 1400 1963 voluptatibus
1434 1911 1481 1948 et

283 1980 462 2025 dolores
489 1980 725 2026 doloribus
754 1990 801 2026 et
835 1987 1009 2026 metum
1033 1987 1160 2027 metu
1189 1987 1479 2033 commutare,

286 2062 422 2115 atque
454 2057 629 2116 majora
656 2058 932 2108 minoribus,
973 2059 1095 2102 sicut
1132 2055 1362 2102 nummos’'
1396 2063 1478 2102 cet.

812 2207 938 2256 XIV.

344 2361 399 2407 In
461 2361 694 2409 Ciceronis
756 2365 877 2413 Tusc.
967 2363 1130 2416 Quaest.
1181 2364 1214 2409 Ι.
1262 2366 1343 2416 30,
1392 2381 1477 2423 pro

280 2439 474 2483 Immanis
504 2440 615 2485 vz'tz‘zk
629 2440 631 2442 ’
647 2441 877 2499 Bentlejus
918 2443 1037 2486 male
1082 2442 1331 2486 immanibus
1375 2441 1478 2485 vitiis

283 2517 452 2575 posuit.
