1786 2956
891 291 949 334 46

318 425 440 469 clare
489 422 668 480 edocet,
721 431 949 470 oratorem
1003 425 1193 470 scientia
1246 424 1515 469 destitutum

318 499 436 545 nihil
484 516 581 546 esse
624 502 713 545 nisi
754 502 890 556 χαλκὸς
914 504 1017 556 ἠχῶν
1042 507 1067 554 ἤ
1093 502 1285 558 κύμβαλον
1310 501 1513 549 ἀλαλάζον.

319 575 539 620 Erasmus
555 578 605 619 in
640 576 842 634 dialogo,
861 578 936 619 cui
953 578 1146 620 titulus:
1171 575 1517 629 CiceronianUS,

317 654 629 710 colloquentes
644 649 824 696 inducit
838 650 1202 710 Boulephorum,
1219 652 1262 698 N
1263 667 1515 712 osoponum

316 732 361 770 et
393 725 699 785 Hypologum.
749 724 1033 785 Disputandi
1059 732 1216 785 partes
1241 730 1515 787 praecipuas

315 801 477 846 tribuit
494 802 671 847 duobus
688 802 935 861 prioribus,
954 816 1095 862 quum
1110 808 1368 862 postremus
1384 805 1516 847 ὑπολό-

314 892 385 925 rov
413 883 597 922 tantum
613 878 847 936 cujusdam
862 879 961 923 vice
977 879 1215 938 fungatur.
1243 879 1515 938 Nosoponus

314 955 544 1013 gloriatur
568 970 616 999 se
633 970 729 999 esse
747 962 977 1000 oratorem
999 953 1367 1001 Ciceronianum:
1390 955 1510 999 nulli

314 1031 530 1089 scriptori
562 1032 692 1075 locus
726 1036 794 1075 est
817 1031 863 1074 in
895 1031 1174 1076 bibliotheca
1190 1046 1292 1083 sua,
1310 1037 1513 1090 praeter-

313 1122 449 1166 quam
466 1107 549 1151 uni
562 1105 785 1160 Ciceroni,
802 1107 975 1166 ubique
991 1107 1130 1152 habet
1146 1109 1373 1167 imagines
1388 1107 1512 1151 illius

311 1183 429 1228 belle
461 1183 627 1242 pictas;
657 1181 924 1228 Ciceronem
950 1189 1101 1228 totum
1128 1198 1274 1243 prope
1303 1182 1510 1237 edidicit3

312 1274 469 1303 omnes
493 1261 682 1303 voculas
709 1259 754 1303 in
771 1260 913 1318 ipsius
928 1260 1057 1304 libris
1074 1265 1307 1305 exstantes
1325 1258 1509 1318 digessit

311 1338 361 1379 in
387 1336 591 1387 lexicon,
615 1336 795 1381 notavit
810 1336 1033 1380 formulas
1049 1336 1270 1394 loquendi
1299 1333 1522 1379 Ciceronis

312 1412 540 1472 proprias,
563 1414 789 1472 congessit
810 1412 949 1471 pedes
967 1426 1123 1456 omnes
1136 1446 1148 1467 ‚
1171 1411 1335 1471 quibus
1353 1409 1511 1456 Cicero

312 1490 490 1540 utitur,
524 1495 766 1541 commata,
800 1489 909 1541 cola,
933 1496 1107 1543 cetera3
1131 1488 1380 1546 exquisivit
1397 1502 1509 1546 quo-

310 1565 473 1623 tuplici
505 1579 641 1608 sensu
674 1572 918 1609 occurrant
951 1566 1206 1622 compluria
1250 1563 1376 1621 apud
1408 1577 1509 1607 eum

308 1638 544 1691 vocabula,
579 1640 810 1685 annotatis
828 1640 1019 1701 pagina,
1042 1640 1196 1693 latere,
1224 1653 1381 1694 versu;
1405 1653 1507 1697 ope-

306 1731 405 1760 ram
422 1715 619 1760 intendit
637 1717 695 1761 ad
713 1716 894 1761 deflexa
905 1751 915 1770 ‚
949 1716 1157 1761 derivata
1180 1722 1224 1760 et
1241 1715 1487 1774 composita
1494 1733 1504 1769 ;

305 1791 473 1836 talibus
500 1793 753 1836 instructus
781 1791 1017 1851 praesidiis
1044 1791 1152 1850 jure
1190 1807 1238 1836 se
1270 1792 1357 1836 dici
1373 1805 1507 1850 posse

306 1864 653 1912 Ciceronianum
713 1869 966 1925 existimat,
1028 1875 1122 1914 tam
1169 1871 1218 1913 in
1268 1867 1508 1913 scribendo

305 1959 443 2003 quam
490 1945 538 1989 in
585 1945 787 1990 dicendo.
850 1945 1072 2005 Lepidum
1104 1960 1213 1990 sane
1245 1947 1500 2005 ingenium!

303 2020 447 2066 Plane
464 2021 555 2065 alia
571 2011 705 2066 illum
721 2023 852 2067 docet
868 2022 1208 2081 Boulephorus‚
1227 2024 1309 2081 qui
1326 2021 1501 2066 nullius

303 2098 378 2140 vel
411 2102 535 2142 certe
568 2098 729 2157 exigui
756 2099 895 2157 pretii
923 2104 1055 2158 putat
1072 2113 1186 2157 opus
1202 2098 1320 2142 illud
1334 2096 1502 2142 labori-

305 2187 452 2227 osum,
491 2188 584 2231 quo
625 2174 789 2231 aliquis
827 2182 985 2220 orator
1023 2190 1133 2219 vere
1173 2173 1500 2219 Ciceronianus

304 2248 478 2292 evadat.
519 2247 685 2293 Statim
702 2251 866 2309 incipit
895 2267 922 2295 a
951 2251 1152 2302 scientia,
1182 2252 1360 2309 quippe
1385 2264 1502 2310 quae

302 2325 400 2367 sola
427 2330 658 2369 oratorem
685 2341 793 2370 vere
824 2327 887 2370 sic
920 2327 1095 2371 dictum
1128 2326 1305 2372 efficere
1333 2329 1498 2386 possit,

300 2407 440 2459 atque
492 2400 538 2444 in
588 2416 794 2446 sermone
848 2418 932 2447 suo
987 2403 1339 2461 pulcherrimam
1381 2404 1499 2449 hanc

299 2478 512 2521 enuntiat
549 2480 842 2531 sententiam,
888 2495 1030 2538 quum
1062 2481 1118 2525 de
1151 2487 1335 2526 oratore
1368 2498 1497 2526 sacro
