1786 2956
788 305 815 346 3

211 448 411 503 peracta,
445 455 716 499 cognoscere
743 441 904 485 liceret
919 439 1237 483 intaminatam
1259 439 1400 481 animi

211 527 445 571 naturam;
505 522 605 561 tum
665 519 940 561 elucesceret
997 516 1144 575 ipsius
1204 516 1401 569 sanitas,

210 593 505 655 pulchritudo
538 600 584 638 et
618 596 798 654 integra
822 595 970 639 forma
998 609 1050 638 ac
1076 595 1226 653 figura
1244 595 1398 644 (ὑγιεία,

209 672 344 717 κάλλος
372 675 433 711 καὶ
463 673 627 722 εὐεξία),
671 672 720 714 in
765 670 936 730 quibus
982 669 1132 715 virtus
1176 669 1400 720 cernitur3

210 754 312 790 tum
358 746 542 790 demum
590 747 648 791 ad
694 762 878 801 verum,
910 747 1183 809 pulchrum,
1210 745 1399 795 bonum,

209 828 345 883 atque
375 825 443 867 ita
475 823 533 868 ad
549 829 756 868 sanctum
773 830 910 883 atque
928 823 1140 868 divinum
1159 822 1397 867 escendere

210 907 376 959 posset.

272 976 414 1022 Docet
430 993 513 1021 nos
549 977 922 1037 anthropologia,
939 977 987 1021 in
1015 979 1168 1021 animo
1196 978 1398 1020 humano

208 1054 302 1098 tria
329 1052 438 1097 haec
460 1053 782 1113 distinguenda
803 1069 917 1099 esse:
940 1055 1207 1098 facultatem
1230 1053 1398 1097 intelli-

207 1128 364 1189 gendi,
416 1130 681 1176 facultatem
743 1131 971 1177 sentiendi
1025 1138 1072 1176 et
1129 1131 1400 1175 facultatem

208 1207 474 1265 appetendi3
499 1223 699 1267 quarum
725 1211 876 1266 prima
902 1223 987 1252 nos
1003 1208 1129 1252 ducit
1147 1208 1203 1251 ad
1218 1222 1400 1256 verum,

210 1283 373 1340 altera,
390 1286 568 1329 ratione
585 1285 867 1335 moderante,
886 1285 944 1328 ad
959 1286 1223 1343 pulchrum,
1240 1285 1402 1334 tertia,

211 1362 325 1407 nixa
346 1361 601 1420 prioribus,
625 1362 684 1406 ad
703 1362 889 1406 bonum.
939 1359 1021 1405 Sic
1034 1362 1169 1405 homo
1192 1360 1403 1405 evehitur

210 1437 269 1481 ad
287 1438 335 1481 id
355 1438 403 1481 in
426 1453 519 1496 quo
537 1444 605 1482 est
627 1439 758 1497 quasi
781 1440 1044 1497 complexus
1071 1440 1190 1489 veri,
1218 1439 1405 1496 pulchri

208 1520 257 1559 et
298 1513 421 1566 boni,
467 1515 523 1559 ad
564 1521 772 1560 sanctum
816 1522 860 1560 et
903 1515 1121 1560 divinum.
1196 1513 1322 1559 Haec
1366 1516 1405 1558 si

210 1592 371 1649 probe,
391 1592 711 1650 perspicimus,
741 1601 788 1637 et
820 1595 959 1638 simul
1003 1609 1184 1637 omnem
1216 1608 1402 1651 operam

210 1668 509 1724 intendimus,
552 1675 607 1713 ut
648 1669 770 1714 hisce
815 1670 1130 1721 facultatibus,
1180 1668 1402 1712 divinitus

209 1743 341 1787 nobis
374 1745 533 1788 inditis
566 1751 690 1790 recte
721 1753 928 1796 utamur,
965 1754 1064 1789 tum
1097 1761 1205 1789 sane
1249 1746 1405 1788 sordes

209 1820 325 1866 istae
364 1821 515 1866 animo
554 1820 795 1882 adspersae
834 1821 1080 1883 paullatim
1109 1826 1404 1873 evanescent,

209 1906 309 1942 tum
365 1900 585 1944 virtutem
635 1904 957 1959 amplectemur
1029 1908 1169 1957 atque
1217 1902 1294 1943 via
1348 1899 1407 1942 ad

210 1975 542 2022 beatitudinem
575 1984 735 2037 aperta
767 1977 899 2023 nobis
932 1976 1031 2023 erit.

269 2051 377 2096 ‹Jam
407 2068 533 2103 vero,
551 2056 591 2096 si
616 2055 701 2096 hoc
728 2062 799 2098 est
822 2061 1074 2098 extremum
1102 2061 1148 2097 et
1171 2067 1402 2096 summum

207 2145 297 2188 quo
314 2129 499 2175 tendere
513 2145 665 2176 omnes
679 2137 888 2190 oporteat
898 2130 1111 2183 homines,
1124 2130 1243 2175 idem
1256 2128 1399 2174 cuivis

207 2207 397 2264 popule,
430 2206 550 2251 idem
581 2207 797 2251 universo
829 2207 1111 2265 propositum
1141 2221 1239 2249 esse
1265 2206 1401 2249 debet

207 2284 364 2342 generi
408 2284 623 2338 humano,
669 2291 722 2332 ut
763 2286 1050 2346 ingrediatur
1089 2287 1234 2342 viam,
1274 2285 1400 2344 cujus

207 2365 429 2419 tanquam
446 2364 635 2407 ultimus
650 2363 753 2408 finis
770 2363 1005 2408 beatitudo
1024 2362 1242 2407 divinitus
1265 2362 1398 2407 nobis

207 2444 277 2481 est
308 2440 555 2496 proposita.
603 2441 828 2485 Nonnulli
853 2442 951 2498 jam
983 2448 1193 2486 veterum
1225 2443 1397 2499 aliqua-

207 2519 343 2560 tenus
391 2515 580 2562 eandem
622 2522 869 2563 tenuerunt
919 2519 1213 2570 sententiam,
1264 2531 1399 2576 quam

1196 2596 1245 2640 1*
