1786 2956
856 343 911 385 65

284 484 372 528 nisi
423 479 568 539 probe
607 479 813 524 imbutus
847 479 906 524 sit
938 479 1099 538 logicis
1135 483 1179 522 et
1211 477 1479 528 dialecticis,

286 557 499 603 accedere
530 562 744 615 oportere
774 556 830 600 ad
855 557 1154 601 rhetoricam:
1173 571 1281 599 nam
1297 561 1420 599 recte
1437 560 1483 598 et

283 632 447 677 ordine
475 632 694 692 cogitare,
720 648 891 691 sapere,
914 633 1001 676 hoc
1018 634 1065 677 in
1084 633 1208 676 omni
1224 633 1418 676 scientia
1435 638 1480 675 et

287 716 387 755 arte
408 710 579 767 primas
597 715 735 754 tenet.
769 706 940 766 Quare,
956 709 1064 754 licet
1086 709 1364 753 Aristoteles
1381 723 1481 767 pec·

284 787 402 830 carit
429 787 579 844 logica
615 792 660 829 et
692 786 932 830 dialectica
960 784 1205 830 inserendo
1233 784 1480 836 rhetoricis,

284 862 332 907 id
385 868 538 907 tamen
597 863 867 907 documento
923 870 1014 913 est,
1065 877 1195 917 eum,
1238 877 1380 921 aeque
1429 877 1480 905 ac

283 938 521 983 Platonem
553 944 599 983 et
620 936 875 994 Socratem,
893 938 949 982 ab
969 944 1139 998 arguta
1156 939 1244 982 ista
1261 944 1307 983 et
1322 939 1479 982 fallaci

285 1017 597 1072 sophistarum
622 1014 853 1059 rhetorica
884 1029 1074 1072 prorsus
1108 1015 1307 1058 alienum
1323 1016 1479 1058 fuisse.

285 1086 518 1142 Ceterum,
567 1104 684 1150 quae
715 1089 795 1135 ille
825 1089 873 1135 in
903 1088 1162 1135 Rhetoricis
1210 1089 1399 1135 disserit
1432 1104 1483 1135 ac

284 1168 530 1225 praecipit,
563 1183 675 1210 num
706 1169 845 1224 plane
877 1168 1181 1224 respondeant
1214 1167 1324 1209 artis
1342 1168 1479 1224 hujus

284 1242 482 1298 notioni,
542 1248 678 1301 atque
734 1257 845 1287 num
900 1257 962 1295 ea,
1011 1257 1130 1302 quae
1178 1240 1300 1301 apud
1346 1241 1480 1288 illum

283 1319 556 1376 reperimus,
591 1319 714 1362 omni
746 1334 804 1362 ex
836 1325 970 1376 parte
999 1319 1296 1376 approbasset
1319 1317 1477 1361 Socra-

282 1403 371 1452 teS,
414 1395 464 1441 id
496 1394 679 1455 quidem
710 1395 942 1455 inquirere
995 1413 1022 1441 a
1053 1405 1213 1442 nostro
1246 1396 1479 1456 proposito

284 1473 485 1517 alienum
518 1478 606 1525 est;
639 1473 835 1516 sufficiat
851 1472 1194 1516 Aristotelicam
1214 1474 1481 1517 methodum

283 1549 489 1595 breviter
522 1550 743 1609 attigisse.

342 1626 453 1670 Post
483 1624 782 1670 Aristotelem
809 1625 1023 1685 plerique
1052 1628 1258 1671 rhetores
1288 1642 1345 1671 ex
1381 1628 1479 1684 ejus

282 1703 488 1747 fontibus
505 1704 782 1757 hauserunt;
817 1718 926 1746 mox
949 1710 1104 1747 tamen
1126 1704 1275 1747 denuo
1293 1704 1481 1751 resusci-

283 1785 411 1823 tatae
457 1785 563 1822 sunt
612 1785 658 1823 et
698 1778 844 1838 magis
893 1780 1129 1839 magisque
1176 1780 1480 1823 invaluerunt

283 1871 436 1915 nugae
492 1856 607 1901 istae
665 1855 958 1914 sophisticae,
1015 1872 1134 1915 quae
1177 1856 1481 1901 Aristotelicis

282 1934 538 1992 praeceptis
586 1948 860 1992 magnopere
909 1933 1180 1983 obfuerunt,
1218 1935 1311 1977 imo
1346 1934 1482 1977 suffo-

283 2015 446 2053 carunt
478 2024 530 2053 ea
557 2024 608 2054 ae
639 2025 786 2067 paene
813 2010 862 2053 in
880 2008 1157 2054 oblivionem
1175 2010 1481 2054 adduxerunt.

283 2083 558 2131 Huiusmodi
589 2085 683 2130 fere
714 2086 803 2131 fuit
834 2085 1082 2131 rhetorices
1116 2086 1317 2131 conditio
1335 2101 1480 2145 usque

285 2163 343 2207 ad
375 2161 603 2208 Ciceronis
636 2169 845 2207 aetatem.

348 2236 506 2285 Cicero
530 2239 586 2284 ad
607 2246 756 2284 rostra
773 2240 981 2291 accessit,
1000 2239 1206 2284 imbutus
1222 2243 1478 2299 praeceptis

285 2313 661 2359 Academicorum
695 2321 741 2359 et
772 2313 1200 2374 Peripateticorum3
1234 2316 1335 2374 ipse
1367 2316 1479 2361 dicit

285 2405 334 2434 se
365 2406 454 2435 non
479 2407 502 2436 e
529 2394 768 2437 rhetorum
795 2392 1003 2445 officinis,
1035 2393 1113 2437 sed
1131 2408 1189 2437 ex
1206 2391 1475 2438 Academiae

285 2469 444 2526 spatiis
483 2476 707 2515 oratorem
745 2471 991 2516 exstitisse.
1040 2469 1203 2530 Itaque
1236 2471 1357 2515 omni
1390 2485 1475 2529 ope

286 2545 441 2589 enisus
485 2552 575 2601 est,
626 2551 676 2589 ut
718 2546 899 2592 dicendi
932 2548 1201 2591 facultatem
1233 2562 1337 2591 cum
1371 2546 1475 2590 ube-

1262 2628 1287 2667 5
