1786 2956
845 259 900 302 35

276 395 504 446 oratorem
547 409 690 455 quum
735 393 991 453 exprimere
1038 392 1125 437 sibi
1169 394 1465 451 proposuerit

276 479 343 520 in.
369 473 550 532 scriptis
585 472 679 515 suis
711 469 973 521 rhetoricis,
1010 469 1137 514 illius
1163 468 1389 527 judicium
1419 470 1467 512 in

277 549 568 611 quaestione,
617 562 753 606 quam
799 547 914 591 mihi
961 544 1252 591 tractandam
1301 547 1466 597 sumsi,

277 627 433 685 magni
475 639 582 668 sanc
628 623 765 682 pretii
804 622 1149 667 aestimandum·
1172 623 1281 674 erit,
1327 636 1470 681 eoque

278 702 449 760 magis,
492 700 705 759 quoniam
745 704 887 743 semet
913 699 1068 757 ipsum
1094 698 1273 757 fingens
1303 703 1349 742 et
1379 698 1468 742 for·

279 792 410 821 mans
432 775 679 821 secundum
700 775 934 820 doctrinae
963 790 1070 820 suae
1097 779 1344 834 praecepta
1361 775 1468 819 talis

280 852 459 897 exstitit
518 857 696 902 orator,
750 853 833 909 qui
881 865 1036 894 omnes
1083 853 1223 909 longe
1270 856 1376 908 post
1422 866 1470 895 se

279 929 538 985 reliquerit,
569 941 661 969 uno
702 933 894 984 excepto
921 927 1119 970 fortasse
1151 925 1468 970 Demosthene.

279 1001 310 1048 J
314 1018 387 1048 am
429 1016 560 1055 vero,
609 1002 649 1045 si
698 1000 810 1046 alibi
857 1016 1073 1061 usquam,
1107 1008 1231 1046 certe
1262 1001 1310 1045 in
1342 1001 1473 1047 libris

281 1079 379 1136 ejus
424 1078 636 1122 oratoriis
681 1093 705 1121 e
736 1077 929 1122 Platone
972 1085 1196 1136 tanquam
1245 1093 1303 1122 ex
1345 1094 1472 1122 sacro

281 1155 478 1214 quodam
511 1160 796 1213 augustoque
812 1155 940 1198 fonte
972 1155 1122 1198 oratio
1149 1151 1379 1209 manavit}
1400 1155 1474 1198 hic

282 1239 403 1276 certe
435 1247 483 1275 se
515 1230 718 1275 ostendit
749 1230 1028 1280 φιλοπλάτωνα.

344 1306 573 1358 Socrates,
601 1323 697 1351 una
725 1320 827 1350 cum
853 1305 1060 1350 Phaedro
1093 1307 1253 1352 sedens
1271 1308 1329 1352 ad
1346 1307 1469 1366 ripas

279 1383 403 1427 Ilissi
430 1383 516 1426 sub
543 1384 735 1441 platano
763 1384 934 1439 patulis
964 1381 1130 1425 diffusa
1146 1383 1307 1437 ramis,
1341 1383 1473 1427 docet

281 1475 384 1505 eum
426 1460 519 1503 tria
560 1459 737 1517 requiri
779 1459 827 1501 in
861 1464 1062 1502 oratore:
1102 1465 1226 1511 φύσιν,
1256 1465 1470 1512 ἐπιστήμην,

277 1538 442 1588 μελετήν.
476 1533 679 1578 Eandem
709 1534 984 1577 sententiam
1017 1550 1109 1577 non
1144 1537 1283 1578 semel
1316 1535 1474 1578 iisdem

277 1611 370 1653 fere
402 1609 555 1653 verbis
589 1611 805 1653 enunciat
839 1607 1007 1654 Cicero,
1053 1607 1147 1654 »Sit
1180 1617 1334 1654 orator
1367 1611 1470 1654 doc-

277 1685 400 1729 trina
422 1685 676 1730 liberaliter
703 1685 966 1736 institutus,
1000 1684 1203 1729 imbutus
1231 1701 1341 1738 usu,
1361 1686 1470 1730 satis

278 1763 373 1806 acri
419 1759 630 1821 ingenio'’
683 1763 742 1814 1).
820 1760 927 1805 Alio
976 1762 1075 1805 loco
1124 1761 1179 1806 de
1228 1764 1468 1821 semetipso

277 1844 495 1882 testatur:
532 1852 639 1882 »nos
663 1838 711 1882 in
739 1837 996 1896 eloquentia
1018 1853 1255 1882 versamur
1272 1844 1470 1890 tantum,

278 1920 501 1972 quantum
533 1928 795 1973 possumus,
829 1920 1056 1971 quantum
1087 1915 1293 1973 ingenio,
1328 1929 1469 1973 quan-

278 1997 375 2034 tum
419 1989 632 2034 mediocri
675 1990 907 2041 doctrina,
953 1996 1173 2049 quantum
1215 2005 1305 2034 usu
1348 1994 1470 2037 vale-

277 2064 399 2109 mus'’
433 2068 496 2118 2).
561 2063 871 2118 Quintilianus
899 2065 1019 2109 idem
1047 2066 1288 2124 praecipit,
1328 2081 1469 2126 quum

278 2140 455 2186 scribit:
492 2140 708 2185 »facultas
738 2140 897 2185 orandi
926 2146 1264 2186 consummatur
1281 2148 1468 2194 natura,

321 2391 352 2431 1)
376 2389 430 2422 De
454 2390 548 2423 Orat.
574 2391 618 2423 2.>
636 2393 687 2424 39.

319 2447 351 2489 2)
374 2446 429 2479 De
457 2446 552 2480 Orat.
577 2449 608 2480 3.
640 2449 691 2480 20.

1235 2512 1286 2553 3*
