1786 2956
847 331 901 373 17

274 467 370 511 nixi
400 466 576 510 etiamsi
610 465 895 510 orationibus
925 464 1144 509 habendis
1166 466 1327 524 populi
1345 467 1467 510 favo-

276 558 374 587 rem
424 543 665 593 amittatis,
715 543 894 587 etiamsi
942 557 1034 586 non
1084 542 1278 601 amplius
1320 545 1467 587 fluant

275 619 439 664 divites
496 621 566 663 illi
613 620 759 663 fontes
803 621 1034 663 honorum
1078 626 1124 663 et
1169 635 1331 678 opum,
1376 621 1467 663 imo

274 711 383 740 vero
425 695 601 740 etiamsi
633 702 783 741 morte
817 696 1113 741 afficeremini
1145 704 1337 756 propter
1372 697 1468 741 veri

276 788 496 823 amorem,
544 774 718 817 veritas
751 779 855 817 ante
882 773 1057 817 omnia!
1112 773 1297 818 »Nonne
1330 781 1468 833 turpe

277 857 372 901 est,
411 851 520 894 dicit
553 851 738 901 alicubi,
773 850 1016 893 consilium
1053 851 1161 894 dare
1199 853 1344 901 nolle,
1378 852 1467 894 nisi

275 928 379 986 quis
431 933 643 971 numeret
692 926 993 985 pecuniam‘?”
1045 926 1091 983 1)
1156 925 1223 971 De
1272 942 1320 971 se
1363 929 1465 986 ipso

272 1005 340 1048 ita
382 1006 580 1049 testatur
621 1020 773 1047 coram
798 1002 1054 1061 judicibus:
1102 1004 1275 1048 »ubivis
1310 1005 1468 1048 audire

275 1096 346 1125 me
394 1081 526 1125 licuit
557 1081 603 1124 in
637 1070 925 1125 sermonibus
958 1096 1069 1124 vera
1101 1080 1349 1132 dicentem,
1385 1084 1468 1125 eti->

275 1159 389 1202 amsi
422 1164 664 1217 propterea
696 1173 819 1201 mors
853 1156 966 1201 mihi
999 1156 1283 1202 immineret''
1308 1161 1372 1211 2).
1409 1158 1465 1202 Et

274 1235 397 1293 quod
445 1250 670 1278 summum
714 1234 801 1291 ipsi
834 1241 957 1288 erat,
991 1235 1251 1279 abstinebat
1283 1252 1310 1279 a
1342 1251 1465 1280 men*

274 1311 438 1362 daciis,
488 1327 546 1355 ne
595 1312 643 1354 in
693 1309 800 1354 deos
843 1317 1070 1369 peccaret,
1104 1311 1214 1355 dum
1247 1312 1467 1357 honorem

282 1387 406 1445 apud
429 1389 639 1431 homines
670 1387 756 1431 sibi
791 1394 1032 1445 quaereret
1067 1391 1128 1440 3).

338 1463 482 1508 Plura
532 1463 686 1508 afferri
734 1469 920 1522 possent
964 1478 987 1507 e
1027 1462 1231 1508 Platonis
1265 1466 1468 1524 scriptis,

276 1557 395 1599 quae
412 1548 654 1591 testantur,
673 1556 814 1599 quam
830 1542 1017 1584 fortiter
1037 1539 1247 1585 Socrates
1265 1546 1307 1582 τὸ
1326 1544 1468 1595 ἀληθὲς

276 1622 455 1661 tutatus
479 1618 563 1672 sit,
581 1618 655 1660 vir
678 1617 768 1668 ille,
792 1618 885 1675 qui,
910 1618 997 1661 etsi
1019 1623 1205 1662 nostrae
1227 1620 1467 1679 religionis

273 1710 407 1738 succo
442 1701 487 1738 et
521 1695 691 1752 spiritu
725 1693 925 1745 carebat,
949 1700 1102 1738 tamen
1119 1701 1212 1738 tam
1229 1697 1465 1754 magnifice

274 1771 330 1815 de
361 1772 433 1814 his
469 1770 606 1814 rebus
641 1769 890 1825 sentiebat,
925 1777 977 1814 ut
1010 1772 1196 1815 omnino
1238 1788 1330 1817 non
1370 1773 1465 1817 sine

272 1850 427 1892 fructu
472 1848 618 1906 ipsius
651 1854 898 1906 praecepta
932 1849 989 1892 ad
1021 1856 1223 1893 nostram
1257 1852 1466 1909 eloquen-

272 1927 383 1969 tiam
407 1924 621 1968 adhibere
654 1924 891 1981 possimus

334 2001 655 2060 Propugnavit
689 2016 799 2045 sane
815 2003 1101 2059 praeclaram
1119 2018 1301 2047 causam
1320 2003 1466 2047 vindi-

272 2079 415 2123 cando
447 2078 492 2121 in
527 2077 786 2135 eloquentia
818 2079 1100 2136 principium
1122 2081 1243 2133 veri,
1266 2096 1359 2138 quo
1383 2082 1465 2124 illa

270 2156 523 2214 plurimum
565 2154 771 2197 conferre
820 2160 973 2211 potest
1023 2155 1080 2198 ad
1129 2154 1466 2201 beatitudinem

270 2239 366 2276 tam
384 2233 675 2290 singulorum
697 2229 932 2275 hominum
961 2246 1098 2289 quam
1121 2232 1268 2276 totius
1287 2234 1463 2292 generis

314 2441 345 2480 1)
370 2439 476 2482 Gorg.
499 2451 532 2483 p.
557 2441 622 2472 520
643 2441 685 2473 E.

314 2498 346 2539 2)
368 2497 520 2540 Apolog.
545 2498 681 2540 passim.

314 2557 345 2597 3)
368 2555 517 2587 Phaedr.
541 2565 573 2597 p.
598 2556 661 2587 242
685 2555 728 2587 D.
