1786 2956
849 314 906 356 48

278 454 395 500 tem,
429 448 562 506 cujus
596 446 654 491 ad
687 448 941 506 penetralia
973 461 1066 491 una
1097 446 1245 506 ipsum
1278 444 1473 491 adducet

279 526 493 579 scientia;
536 523 652 568 bene
694 538 969 582 persuasum
1019 523 1106 567 sibi
1150 523 1318 568 habeat
1373 537 1472 566 »ne-

278 602 450 645 minem
480 614 616 658 posse
650 598 705 643 de
739 614 792 643 ea
819 614 894 654 re,
927 613 1063 657 quam
1097 614 1191 643 non
1218 601 1342 645 norit
1353 613 1473 656 ,non

277 677 544 734 turpissime
576 673 748 719 dicere”
785 677 847 727 1).

831 867 852 917 ς
880 868 915 905 3.

607 991 685 1035 De
734 989 1147 1034 emer-citatione.

347 1109 419 1153 »Si
466 1110 702 1169 ingenium
746 1110 834 1153 tibi
878 1109 1039 1153 tribuit
1083 1115 1269 1160 natura,
1319 1115 1475 1153 orator

278 1188 549 1245 praeclarus
615 1186 802 1238 evades,
861 1186 899 1230 si
958 1186 1145 1246 ingenio
1209 1185 1477 1245 adjunxeris

277 1262 531 1308 doctrinam
564 1269 611 1307 et
644 1264 1044 1316 exercitationem3
1081 1262 1242 1307 harum
1274 1264 1478 1321 partium

275 1341 321 1384 in
356 1340 511 1399 aliqua
542 1341 581 1384 si
614 1340 853 1394 defeceris,
886 1355 1074 1384 mancus
1107 1347 1153 1385 et
1185 1339 1477 1398 imperfectus

278 1417 366 1460 eris
410 1414 590 1459 orator''
638 1418 703 1468 2).
736 1415 811 1459 Ita
845 1414 1066 1460 Socrates.
1128 1415 1197 1460 De
1228 1422 1398 1459 natura
1431 1421 1477 1459 et

278 1492 489 1537 doctrina
529 1493 727 1551 egimus3
761 1505 882 1536 nunc
916 1492 1143 1552 agendum
1177 1490 1233 1536 de
1266 1490 1478 1536 exercita-

277 1569 403 1612 tione
436 1570 534 1612 sive
567 1570 713 1622 μελετῇ.
781 1567 907 1612 Haec
930 1568 1104 1627 duplici
1122 1583 1258 1612 sensu
1275 1570 1476 1612 hocloco

275 1647 487 1705 ponitur:
528 1644 796 1690 exercitatio
829 1659 991 1705 nempe
1035 1660 1214 1698 eorum,
1251 1658 1367 1704 quae
1399 1645 1477 1690 sci-

277 1724 403 1765 entia
444 1722 795 1780 acquisivimus,
831 1727 875 1766 et
907 1722 1174 1766 exercitatio
1208 1710 1474 1773 memoriae,

276 1799 447 1842 etenim
511 1798 790 1842 vocabulum
847 1799 1005 1851 μελετᾶν
1059 1813 1194 1857 saepe
1248 1798 1476 1857 significat

277 1875 604 1918 exercitatione
645 1872 823 1932 aliquid
855 1877 997 1919 menti
1030 1875 1315 1933 imprimere,
1350 1874 1474 1933 quod

275 1951 394 1995 idem
431 1956 563 1994 notat
607 1957 744 2009 atque
787 1953 1032 1997 memoriae
1064 1952 1295 1997 mandare.
1358 1949 1389 1996 J
1392 1966 1474 1996 ure

275 2025 441 2085 igitur,
496 2032 552 2069 ut
599 2026 712 2069 mihi
766 2026 978 2083 videtur,
1027 2027 1298 2071 vocabulum
1343 2029 1472 2079 μελετὴ

276 2102 449 2160 duplici
481 2104 563 2145 illo
597 2117 730 2146 sensu
764 2103 907 2162 accipi
939 2110 1107 2162 potest.

337 2177 444 2223 Jam
475 2193 603 2230 vero,
640 2193 780 2237 quum
814 2177 1025 2224 Socrates
1059 2181 1242 2240 saepius
1277 2185 1386 2239 agat
1416 2180 1471 2224 de

276 2270 378 2306 φυσει
427 2256 511 2298 illa
558 2261 604 2298 et
654 2254 710 2299 de
760 2257 972 2307 scientia,
1024 2257 1314 2315 aliquantum
1364 2271 1470 2301 sane

275 2332 497 2374 miremur
530 2345 635 2374 eum
667 2346 894 2390 nusquam
929 2331 1035 2376 data
1070 2346 1210 2391 opera
1223 2332 1469 2392 exquirere

317 2464 350 2505 1)
373 2461 429 2495 De
453 2461 549 2495 Orat.
573 2462 604 2494 2.
628 2462 680 2494 24.

317 2522 350 2564 2)
372 2519 525 2554 Phaedr.
548 2531 583 2564 p.
607 2520 671 2552 269
693 2518 737 2553 D.
