1786 2956
858 292 914 334 66

283 427 407 471 riore
441 426 552 471 artis
585 426 842 485 cognitione
876 426 1174 486 conjungeret
1207 425 1487 484 eandemque

282 502 590 562 popularibus
622 502 715 546 suis
760 502 1021 562 explicaret.
1075 499 1209 558 Quod
1252 507 1487 548 testantur

287 579 435 637 ipsius
452 580 637 636 scripta,
658 593 777 636 quae
794 579 849 622 de
860 578 1088 623 rhetorica
1102 585 1199 624 arte
1210 580 1487 638 composuit:

286 655 397 699 libri
414 654 470 699 de
494 653 781 710 Inventione,
795 653 852 699 de
871 651 1077 706 Oratore,
1112 652 1289 707 Orator,
1303 653 1488 706 BrutuS,

287 731 477 788 Topica,
542 730 818 775 Partitiones
886 733 1140 782 oratoriae,
1199 732 1256 776 de
1316 734 1489 790 optimo

284 823 453 868 genere
497 813 748 853 oratorum.
819 806 873 852 In
915 823 1051 868 opere
1096 807 1153 853 de
1197 805 1396 853 Oratore
1441 814 1490 853 ut

286 883 509 927 Socratici
530 884 703 942 dialogi
719 885 913 927 formam
928 886 1140 943 sequitur
1153 918 1163 938 ,
1195 884 1260 928 ita
1284 885 1333 928 in
1350 884 1490 929 rebus

282 961 428 1004 etiam
456 964 503 1004 et
526 960 767 1004 sententiis
794 958 1038 1004 Platonem
1053 960 1207 1005 refert.
1251 958 1491 1004 Sententia

285 1051 313 1079 a
336 1034 499 1079 Crasso
527 1037 785 1079 enuntiata:
815 1036 964 1080 dicere
989 1042 1201 1094 oportere
1218 1036 1487 1086 memoriter,

282 1126 392 1155 cum
419 1111 612 1156 scientia
638 1126 818 1168 rerum,
842 1111 973 1170 justo
1006 1111 1187 1162 ordine,
1218 1126 1319 1156 cum
1341 1113 1488 1157 elocu-

285 1188 411 1232 tione
450 1187 686 1232 elaborata
718 1194 765 1233 et
788 1194 913 1233 recta
944 1189 1348 1247 pronuntiatione:
1377 1189 1490 1232 haec

286 1280 510 1308 summam
559 1266 764 1309 continet
812 1280 990 1316 eorum,
1024 1280 1144 1323 quae
1181 1266 1231 1308 in
1262 1265 1334 1308 his
1361 1265 1490 1308 libris

285 1340 605 1399 disputantur,
640 1345 777 1399 atque
809 1341 865 1384 de
915 1340 1106 1385 diversis
1155 1341 1227 1384 his
1274 1340 1489 1398 partibus

283 1416 352 1460 ita
401 1417 522 1475 agit,
571 1422 625 1460 ut
674 1431 854 1461 summa
891 1417 1134 1476 diligentia
1162 1422 1256 1461 tam
1286 1417 1490 1461 maxima

283 1507 426 1549 quam
467 1492 656 1535 minima
693 1499 1012 1550 persequatur.
1076 1492 1132 1535 In
1174 1493 1484 1550 pulcherrimo

285 1569 371 1612 h'oc
431 1582 568 1627 opere
628 1582 868 1626 agnoscere
928 1567 1061 1612 nobis
1111 1569 1220 1612 licet
1268 1583 1490 1628 magnum

282 1651 529 1698 oratorem,
566 1644 647 1702 qui
671 1644 913 1702 principiis
942 1645 1059 1696 veri,
1097 1645 1279 1703 pulchri
1307 1652 1354 1689 et
1379 1645 1490 1689 boni

284 1722 419 1780 quasi
435 1722 723 1779 superstruit
739 1721 1008 1765 facultatem
1024 1720 1271 1765 oratoriam
1285 1723 1347 1774 1).
1360 1745 1423 1752 —
1433 1720 1489 1765 In

283 1797 424 1847 libro,
455 1797 533 1855 qui
559 1796 829 1840 inscribitur
857 1794 1054 1847 Orator,
1076 1796 1271 1855 perfecti
1288 1798 1488 1840 oratoris

283 1874 477 1918 formam
521 1878 567 1917 et
613 1871 810 1931 speciem
855 1873 1101 1931 exprimit,
1133 1872 1322 1917 ductam
1360 1872 1488 1916 illam

285 1964 344 1993 ex
376 1949 541 1992 intima
558 1948 871 2007 philosophia3
890 1962 979 2006 quo
997 1949 1294 1993 fundamento
1311 1951 1462 2008 posito
1475 1983 1486 2003 ,

285 2025 383 2084 agit
425 2024 486 2069 de
523 2024 671 2068 tribus
714 2024 893 2069 dicendi
925 2025 1191 2083 generibuS,
1226 2039 1343 2083 quae
1380 2032 1488 2069 sunt-

284 2101 471 2161 grande,
480 2105 628 2156 tenue,
641 2099 863 2154 medium;
876 2100 1188 2161 respondeant
1198 2099 1309 2146 haec
1320 2115 1488 2160 genera

286 2184 472 2236 oportet
503 2177 642 2222 rebus
676 2192 794 2236 quae
826 2184 1115 2230 tractantur,
1158 2185 1210 2222 ut
1242 2179 1311 2222 ita
1343 2178 1488 2222 forma

286 2256 424 2313 plane
452 2254 789 2299 accommodata
811 2255 869 2299 sit
887 2255 945 2299 ad
965 2256 1216 2300 materiem.
1231 2278 1296 2287 —-
1311 2253 1487 2299 Brutus

288 2332 493 2375 continet
539 2332 780 2376 historiam
831 2337 1066 2375 oratorum
1116 2328 1393 2377 Graecorum
1441 2338 1487 2376 et

332 2489 364 2529 1)
389 2486 471 2519 Vid.
507 2486 617 2529 ipsius
637 2486 811 2529 judicium
835 2487 878 2521 de
901 2487 1007 2521 hocce
1032 2499 1135 2531 opere
1159 2489 1203 2521 ad
1225 2488 1333 2521 Attio.
1358 2490 1409 2521 13.
1433 2490 1485 2521 19.
