1786 2956
600 597 785 665 PARS
830 597 1168 666 SECUNDA.

336 757 404 795 DE
431 755 709 796 PRINCIPIIS
737 755 1109 806 ELOQUENTIAE
1136 754 1435 797 APPLIGATIS

694 854 766 892 AD
795 853 1089 893 ORATOREM.

752 1085 951 1129 CAPUT
986 1086 1019 1129 I.

348 1251 409 1281 DE
452 1250 511 1280 IIS
557 1248 683 1286 QUAE
734 1251 784 1279 IN
829 1249 1042 1280 ORATORE
1086 1248 1421 1281 POSTULANTUR

442 1354 689 1386 SECUNDUM
721 1354 959 1385 PRINCIPIA
991 1354 1330 1391 ELOQUENTIAE.

755 1506 1011 1533 —oossoz'o-o—

346 1640 452 1685 Jam
486 1641 700 1698 deinceps
733 1642 966 1698 principia
1006 1641 1314 1698 eloquentiae,
1348 1656 1483 1699 gene-

282 1719 421 1762 ratim
451 1719 685 1775 exposita,
719 1718 974 1761 referamus
1003 1716 1061 1760 ad
1090 1722 1329 1761 oratorem.
1378 1716 1483 1761 Non

284 1795 549 1839 mirandum
592 1809 723 1845 sane,
774 1808 916 1852 quum
961 1808 1073 1838 vera
1113 1793 1378 1852 eloquentia
1409 1794 1485 1838 his

285 1874 465 1915 nitatur
483 1872 727 1929 principiis
741 1907 750 1921 ,
770 1869 1036 1914 Ciceronem
1058 1871 1230 1922 dicere,
1247 1885 1484 1928 nunquam

285 1962 333 1991 se
380 1946 548 1991 vidisse
591 1953 844 1996 oratorem,
885 1948 933 1990 in
967 1961 1058 2004 quo
1091 1947 1297 2004 perfecta
1329 1961 1482 1990 cerne-

286 2029 413 2067 retur
446 2024 737 2081 eloquentiae
771 2023 968 2081 effigies,
1009 2023 1088 2067 sed
1120 2029 1270 2067 mente
1302 2027 1483 2066 tantum

287 2099 383 2154 ejus
417 2100 614 2157 speciem
647 2099 827 2142 efficere
860 2113 992 2155 posse
1028 2100 1089 2149 1).
1153 2096 1314 2142 Talem
1341 2097 1483 2155 igitur

333 2321 365 2362 1)
399 2319 493 2352 Vdd.
535 2319 579 2352 de
623 2319 719 2353 Orat.
762 2321 792 2352 1.
827 2320 884 2358 28,
914 2319 1015 2353 Brut.
1046 2320 1104 2358 49,
1135 2318 1195 2357 8¹7,
1226 2318 1322 2352 Orat.
1353 2320 1391 2357 5,
1430 2319 1483 2352 29.

291 2378 347 2410 De
367 2376 544 2419 paucitate
563 2386 700 2414 eorum,
725 2377 787 2419 qui
800 2387 922 2409 revera
944 2379 1099 2409 oratores
1111 2377 1306 2419 nuncupari
1320 2379 1483 2420 possunt,

290 2434 333 2468 cf.
365 2443 455 2477 quae
487 2432 572 2466 dicit
601 2432 636 2465 J.
670 2433 716 2465 H.
747 2444 813 2466 van
844 2433 907 2465 der
936 2433 1037 2466 Palm
1070 2433 1106 2466 in
1141 2436 1225 2466 orat.
1257 2434 1314 2467 cui
1337 2434 1480 2467 titulus:

294 2495 372 2527 Over
395 2493 433 2524 de
457 2492 737 2533 welsprelcendheid
756 2503 817 2524 van
843 2493 954 2525 Cicero.
