<?xml version="1.0" encoding="UTF-8"?>
<!DOCTYPE html PUBLIC "-//W3C//DTD XHTML 1.0 Transitional//EN"
    "http://www.w3.org/TR/xhtml1/DTD/xhtml1-transitional.dtd">
<html xmlns="http://www.w3.org/1999/xhtml" xml:lang="en" lang="en">
 <head>
  <title>
</title>
<meta http-equiv="Content-Type" content="text/html;charset=utf-8" />
  <meta name='ocr-system' content='tesseract 3.04.00' />
  <meta name='ocr-capabilities' content='ocr_page ocr_carea ocr_par ocr_line ocrx_word'/>
</head>
<body>
  <div class='ocr_page' id='page_1' title='image "4738090_0075.png"; bbox 0 0 1786 2956; ppageno 0'>
   <div class='ocr_carea' id='block_1_1' title="bbox 832 304 888 348">
    <p class='ocr_par' dir='ltr' id='par_1_1' title="bbox 832 304 888 348">
     <span class='ocr_line' id='line_1_1' title="bbox 832 304 888 348; baseline -0.018 0"><span class='ocrx_word' id='word_1_1' title='bbox 832 304 888 348; x_wconf 83' lang='lat'>57</span> 
     </span>
    </p>
   </div>
   <div class='ocr_carea' id='block_1_2' title="bbox 253 437 1455 2340">
    <p class='ocr_par' dir='ltr' id='par_1_2' title="bbox 254 437 1455 2170">
     <span class='ocr_line' id='line_1_2' title="bbox 324 437 1452 500; baseline -0.002 -13"><span class='ocrx_word' id='word_1_2' title='bbox 324 442 378 487; x_wconf 93' lang='lat' dir='ltr'>In</span> <span class='ocrx_word' id='word_1_3' title='bbox 411 454 614 485; x_wconf 83' lang='lat' dir='ltr'>sermone</span> <span class='ocrx_word' id='word_1_4' title='bbox 646 437 846 485; x_wconf 86' lang='lat' dir='ltr'>Socratis</span> <span class='ocrx_word' id='word_1_5' title='bbox 880 454 984 484; x_wconf 89' lang='lat' dir='ltr'>cum</span> <span class='ocrx_word' id='word_1_6' title='bbox 1023 438 1249 491; x_wconf 78' lang='lat' dir='ltr'>Phaedro,</span> <span class='ocrx_word' id='word_1_7' title='bbox 1282 440 1327 484; x_wconf 93' lang='lat' dir='ltr'>in</span> <span class='ocrx_word' id='word_1_8' title='bbox 1361 455 1452 500; x_wconf 88' lang='lat' dir='ltr'>quo</span> 
     </span>
     <span class='ocr_line' id='line_1_3' title="bbox 260 516 1454 575; baseline -0.001 -14"><span class='ocrx_word' id='word_1_9' title='bbox 260 519 369 561; x_wconf 89' lang='lat' dir='ltr'>huic</span> <span class='ocrx_word' id='word_1_10' title='bbox 385 516 633 575; x_wconf 78' lang='lat' dir='ltr'>praecipit,</span> <span class='ocrx_word' id='word_1_11' title='bbox 658 530 751 574; x_wconf 87' lang='lat' dir='ltr'>qua</span> <span class='ocrx_word' id='word_1_12' title='bbox 766 517 845 559; x_wconf 90' lang='lat' dir='ltr'>via</span> <span class='ocrx_word' id='word_1_13' title='bbox 878 522 924 559; x_wconf 92' lang='lat' dir='ltr'>et</span> <span class='ocrx_word' id='word_1_14' title='bbox 952 517 1130 559; x_wconf 87' lang='lat' dir='ltr'>ratione</span> <span class='ocrx_word' id='word_1_15' title='bbox 1163 516 1329 573; x_wconf 90' lang='lat' dir='ltr'>aliquis</span> <span class='ocrx_word' id='word_1_16' title='bbox 1346 531 1454 560; x_wconf 85' lang='lat' dir='ltr'>vere</span> 
     </span>
     <span class='ocr_line' id='line_1_4' title="bbox 262 591 1455 651; baseline 0 -15"><span class='ocrx_word' id='word_1_17' title='bbox 262 598 417 637; x_wconf 90' lang='lat' dir='ltr'>orator</span> <span class='ocrx_word' id='word_1_18' title='bbox 472 591 664 637; x_wconf 89' lang='lat' dir='ltr'>evadere</span> <span class='ocrx_word' id='word_1_19' title='bbox 711 593 877 650; x_wconf 78' lang='lat' dir='ltr'><strong>possit,</strong></span> <span class='ocrx_word' id='word_1_20' title='bbox 939 607 1079 651; x_wconf 89' lang='lat' dir='ltr'>quum</span> <span class='ocrx_word' id='word_1_21' title='bbox 1130 592 1205 636; x_wconf 93' lang='lat' dir='ltr'>hic</span> <span class='ocrx_word' id='word_1_22' title='bbox 1266 598 1455 650; x_wconf 88' lang='lat' dir='ltr'>cuperet</span> 
     </span>
     <span class='ocr_line' id='line_1_5' title="bbox 260 668 1454 727; baseline -0.001 -15"><span class='ocrx_word' id='word_1_23' title='bbox 260 669 455 720; x_wconf 77' lang='lat' dir='ltr'>discere,</span> <span class='ocrx_word' id='word_1_24' title='bbox 521 682 637 727; x_wconf 88' lang='lat' dir='ltr'>quae</span> <span class='ocrx_word' id='word_1_25' title='bbox 701 668 761 712; x_wconf 92' lang='lat' dir='ltr'>sit</span> <span class='ocrx_word' id='word_1_26' title='bbox 820 683 931 713; x_wconf 90' lang='lat' dir='ltr'>vera</span> <span class='ocrx_word' id='word_1_27' title='bbox 981 669 1230 719; x_wconf 83' lang='lat' dir='ltr'>rhetorica,</span> <span class='ocrx_word' id='word_1_28' title='bbox 1284 668 1454 711; x_wconf 90' lang='lat' dir='ltr'>mirum</span> 
     </span>
     <span class='ocr_line' id='line_1_6' title="bbox 259 743 1455 804; baseline 0.001 -16"><span class='ocrx_word' id='word_1_29' title='bbox 259 744 391 788; x_wconf 90' lang='lat' dir='ltr'>nobis</span> <span class='ocrx_word' id='word_1_30' title='bbox 424 744 588 789; x_wconf 84' lang='lat' dir='ltr'>accidit</span> <span class='ocrx_word' id='word_1_31' title='bbox 620 745 702 789; x_wconf 91' lang='lat' dir='ltr'>ubi</span> <span class='ocrx_word' id='word_1_32' title='bbox 735 743 963 789; x_wconf 78' lang='lat' dir='ltr'>Socratem</span> <span class='ocrx_word' id='word_1_33' title='bbox 998 744 1208 789; x_wconf 83' lang='lat' dir='ltr'>audimus</span> <span class='ocrx_word' id='word_1_34' title='bbox 1241 744 1455 804; x_wconf 85' lang='lat' dir='ltr'>graviora</span> 
     </span>
     <span class='ocr_line' id='line_1_7' title="bbox 261 819 1452 881; baseline 0 -16"><span class='ocrx_word' id='word_1_35' title='bbox 261 819 487 881; x_wconf 86' lang='lat' dir='ltr'>quaedam</span> <span class='ocrx_word' id='word_1_36' title='bbox 531 836 556 866; x_wconf 93' lang='lat' dir='ltr'>e</span> <span class='ocrx_word' id='word_1_37' title='bbox 584 820 837 867; x_wconf 91' lang='lat' dir='ltr'>dialecticis</span> <span class='ocrx_word' id='word_1_38' title='bbox 866 823 1014 881; x_wconf 88' lang='lat' dir='ltr'>petita</span> <span class='ocrx_word' id='word_1_39' title='bbox 1056 823 1097 866; x_wconf 91' lang='lat' dir='ltr'>ei</span> <span class='ocrx_word' id='word_1_40' title='bbox 1132 821 1452 881; x_wconf 78' lang='lat' dir='ltr'>explicantem.</span> 
     </span>
     <span class='ocr_line' id='line_1_8' title="bbox 258 898 1452 957; baseline 0 -15"><span class='ocrx_word' id='word_1_41' title='bbox 258 898 493 943; x_wconf 86' lang='lat' dir='ltr'>Phaedrus</span> <span class='ocrx_word' id='word_1_42' title='bbox 522 904 726 943; x_wconf 89' lang='lat' dir='ltr'>attentus</span> <span class='ocrx_word' id='word_1_43' title='bbox 757 899 815 943; x_wconf 89' lang='lat' dir='ltr'>ad</span> <span class='ocrx_word' id='word_1_44' title='bbox 832 913 886 943; x_wconf 88' lang='lat' dir='ltr'>ea</span> <span class='ocrx_word' id='word_1_45' title='bbox 903 914 1021 957; x_wconf 90' lang='lat' dir='ltr'>quae</span> <span class='ocrx_word' id='word_1_46' title='bbox 1040 898 1168 943; x_wconf 86' lang='lat' dir='ltr'>audit</span> <span class='ocrx_word' id='word_1_47' title='bbox 1185 913 1245 943; x_wconf 91' lang='lat' dir='ltr'>ex</span> <span class='ocrx_word' id='word_1_48' title='bbox 1261 898 1452 949; x_wconf 79' lang='lat' dir='ltr'>homine,</span> 
     </span>
     <span class='ocr_line' id='line_1_9' title="bbox 259 976 1452 1033; baseline -0.001 -14"><span class='ocrx_word' id='word_1_49' title='bbox 259 990 394 1033; x_wconf 90' lang='lat' dir='ltr'>quem</span> <span class='ocrx_word' id='word_1_50' title='bbox 422 990 566 1019; x_wconf 91' lang='lat' dir='ltr'>unum</span> <span class='ocrx_word' id='word_1_51' title='bbox 586 976 785 1019; x_wconf 85' lang='lat' dir='ltr'>maxime</span> <span class='ocrx_word' id='word_1_52' title='bbox 816 981 1088 1026; x_wconf 86' lang='lat' dir='ltr'>veneratur,</span> <span class='ocrx_word' id='word_1_53' title='bbox 1116 980 1162 1019; x_wconf 94' lang='lat' dir='ltr'>et</span> <span class='ocrx_word' id='word_1_54' title='bbox 1180 981 1452 1033; x_wconf 86' lang='lat' dir='ltr'>exspectans</span> 
     </span>
     <span class='ocr_line' id='line_1_10' title="bbox 258 1051 1452 1110; baseline -0.001 -15"><span class='ocrx_word' id='word_1_55' title='bbox 258 1067 367 1095; x_wconf 87' lang='lat' dir='ltr'>mox</span> <span class='ocrx_word' id='word_1_56' title='bbox 400 1051 537 1095; x_wconf 88' lang='lat' dir='ltr'>etiam</span> <span class='ocrx_word' id='word_1_57' title='bbox 563 1051 813 1095; x_wconf 82' lang='lat' dir='ltr'>rhetorices</span> <span class='ocrx_word' id='word_1_58' title='bbox 842 1056 1087 1110; x_wconf 88' lang='lat' dir='ltr'>praecepta</span> <span class='ocrx_word' id='word_1_59' title='bbox 1103 1065 1150 1095; x_wconf 89' lang='lat' dir='ltr'>se</span> <span class='ocrx_word' id='word_1_60' title='bbox 1168 1051 1452 1102; x_wconf 75' lang='lat' dir='ltr'>auditurum,</span> 
     </span>
     <span class='ocr_line' id='line_1_11' title="bbox 258 1127 1451 1186; baseline 0 -15"><span class='ocrx_word' id='word_1_61' title='bbox 258 1143 338 1186; x_wconf 91' lang='lat' dir='ltr'>spe</span> <span class='ocrx_word' id='word_1_62' title='bbox 366 1129 615 1172; x_wconf 89' lang='lat' dir='ltr'>frustratus</span> <span class='ocrx_word' id='word_1_63' title='bbox 634 1128 815 1172; x_wconf 88' lang='lat' dir='ltr'>tandem</span> <span class='ocrx_word' id='word_1_64' title='bbox 844 1129 1046 1186; x_wconf 89' lang='lat' dir='ltr'>erumpit</span> <span class='ocrx_word' id='word_1_65' title='bbox 1078 1128 1125 1171; x_wconf 90' lang='lat' dir='ltr'>in</span> <span class='ocrx_word' id='word_1_66' title='bbox 1153 1127 1262 1172; x_wconf 90' lang='lat' dir='ltr'>haec</span> <span class='ocrx_word' id='word_1_67' title='bbox 1292 1127 1451 1172; x_wconf 90' lang='lat' dir='ltr'>verba:</span> 
     </span>
     <span class='ocr_line' id='line_1_12' title="bbox 265 1203 1452 1262; baseline -0.002 -14"><span class='ocrx_word' id='word_1_68' title='bbox 265 1203 421 1248; x_wconf 75' lang='lat' dir='ltr'>»Hanc</span> <span class='ocrx_word' id='word_1_69' title='bbox 450 1204 632 1262; x_wconf 89' lang='lat' dir='ltr'>quidem</span> <span class='ocrx_word' id='word_1_70' title='bbox 664 1210 811 1247; x_wconf 90' lang='lat' dir='ltr'>artem</span> <span class='ocrx_word' id='word_1_71' title='bbox 837 1210 960 1247; x_wconf 91' lang='lat' dir='ltr'>recte</span> <span class='ocrx_word' id='word_1_72' title='bbox 977 1205 1092 1246; x_wconf 91' lang='lat' dir='ltr'>mihi</span> <span class='ocrx_word' id='word_1_73' title='bbox 1109 1203 1280 1247; x_wconf 89' lang='lat' dir='ltr'>videris</span> <span class='ocrx_word' id='word_1_74' title='bbox 1299 1204 1452 1262; x_wconf 90' lang='lat' dir='ltr'>appel—</span> 
     </span>
     <span class='ocr_line' id='line_1_13' title="bbox 258 1279 1452 1332; baseline -0.001 -7"><span class='ocrx_word' id='word_1_75' title='bbox 258 1283 357 1326; x_wconf 90' lang='lat' dir='ltr'>lare</span> <span class='ocrx_word' id='word_1_76' title='bbox 389 1280 699 1332; x_wconf 84' lang='lat' dir='ltr'>dialecticam,</span> <span class='ocrx_word' id='word_1_77' title='bbox 728 1279 957 1325; x_wconf 89' lang='lat' dir='ltr'>rhetorica</span> <span class='ocrx_word' id='word_1_78' title='bbox 989 1295 1099 1325; x_wconf 88' lang='lat' dir='ltr'>vero</span> <span class='ocrx_word' id='word_1_79' title='bbox 1131 1281 1246 1325; x_wconf 90' lang='lat' dir='ltr'>mihi</span> <span class='ocrx_word' id='word_1_80' title='bbox 1262 1279 1452 1325; x_wconf 90' lang='lat' dir='ltr'>videtur</span> 
     </span>
     <span class='ocr_line' id='line_1_14' title="bbox 259 1355 1454 1416; baseline -0.001 -14"><span class='ocrx_word' id='word_1_81' title='bbox 259 1358 404 1402; x_wconf 89' lang='lat' dir='ltr'>adhuc</span> <span class='ocrx_word' id='word_1_82' title='bbox 426 1372 508 1402; x_wconf 89' lang='lat' dir='ltr'>nos</span> <span class='ocrx_word' id='word_1_83' title='bbox 540 1355 732 1416; x_wconf 71' lang='lat' dir='ltr'>sugere.&#39;’</span> <span class='ocrx_word' id='word_1_84' title='bbox 808 1355 895 1401; x_wconf 88' lang='lat' dir='ltr'>Cui</span> <span class='ocrx_word' id='word_1_85' title='bbox 928 1355 1137 1401; x_wconf 85' lang='lat' dir='ltr'>Socrates</span> <span class='ocrx_word' id='word_1_86' title='bbox 1170 1358 1365 1413; x_wconf 88' lang='lat' dir='ltr'>ironice,</span> <span class='ocrx_word' id='word_1_87' title='bbox 1399 1364 1454 1401; x_wconf 90' lang='lat' dir='ltr'>ut</span> 
     </span>
     <span class='ocr_line' id='line_1_15' title="bbox 259 1431 1452 1494; baseline -0.002 -15"><span class='ocrx_word' id='word_1_88' title='bbox 259 1435 454 1479; x_wconf 86' lang='lat' dir='ltr'>solebat:</span> <span class='ocrx_word' id='word_1_89' title='bbox 487 1431 635 1487; x_wconf 82' lang='lat' dir='ltr'>»Quid</span> <span class='ocrx_word' id='word_1_90' title='bbox 652 1434 794 1478; x_wconf 79' lang='lat' dir='ltr'>dicis?</span> <span class='ocrx_word' id='word_1_91' title='bbox 825 1434 1070 1492; x_wconf 92' lang='lat' dir='ltr'>pulchrum</span> <span class='ocrx_word' id='word_1_92' title='bbox 1088 1449 1196 1478; x_wconf 90' lang='lat' dir='ltr'>sane</span> <span class='ocrx_word' id='word_1_93' title='bbox 1214 1434 1299 1478; x_wconf 85' lang='lat' dir='ltr'>erit</span> <span class='ocrx_word' id='word_1_94' title='bbox 1315 1449 1452 1494; x_wconf 83' lang='lat' dir='ltr'>nego-</span> 
     </span>
     <span class='ocr_line' id='line_1_16' title="bbox 260 1509 1454 1569; baseline -0.001 -14"><span class='ocrx_word' id='word_1_95' title='bbox 260 1513 400 1566; x_wconf 88' lang='lat' dir='ltr'>tium,</span> <span class='ocrx_word' id='word_1_96' title='bbox 433 1510 559 1569; x_wconf 90' lang='lat' dir='ltr'>quod</span> <span class='ocrx_word' id='word_1_97' title='bbox 587 1509 848 1559; x_wconf 87' lang='lat' dir='ltr'>dialectices</span> <span class='ocrx_word' id='word_1_98' title='bbox 865 1525 1029 1568; x_wconf 85' lang='lat' dir='ltr'>expers</span> <span class='ocrx_word' id='word_1_99' title='bbox 1059 1516 1156 1554; x_wconf 87' lang='lat' dir='ltr'>arte</span> <span class='ocrx_word' id='word_1_100' title='bbox 1183 1516 1335 1555; x_wconf 88' lang='lat' dir='ltr'>tamen</span> <span class='ocrx_word' id='word_1_101' title='bbox 1353 1525 1454 1569; x_wconf 88' lang='lat' dir='ltr'>per·</span> 
     </span>
     <span class='ocr_line' id='line_1_17' title="bbox 259 1584 1454 1645; baseline 0 -15"><span class='ocrx_word' id='word_1_102' title='bbox 259 1587 479 1645; x_wconf 83' lang='lat' dir='ltr'>cipiatur3</span> <span class='ocrx_word' id='word_1_103' title='bbox 502 1601 594 1630; x_wconf 91' lang='lat' dir='ltr'>non</span> <span class='ocrx_word' id='word_1_104' title='bbox 624 1584 776 1630; x_wconf 86' lang='lat' dir='ltr'>tamen</span> <span class='ocrx_word' id='word_1_105' title='bbox 808 1601 995 1644; x_wconf 88' lang='lat' dir='ltr'>prorsus</span> <span class='ocrx_word' id='word_1_106' title='bbox 1025 1593 1093 1630; x_wconf 87' lang='lat' dir='ltr'>est</span> <span class='ocrx_word' id='word_1_107' title='bbox 1125 1586 1454 1645; x_wconf 86' lang='lat' dir='ltr'>negligendum</span> 
     </span>
     <span class='ocr_line' id='line_1_18' title="bbox 255 1662 1450 1722; baseline 0.001 -15"><span class='ocrx_word' id='word_1_108' title='bbox 255 1664 371 1708; x_wconf 91' lang='lat' dir='ltr'>illud</span> <span class='ocrx_word' id='word_1_109' title='bbox 402 1662 490 1708; x_wconf 91' lang='lat' dir='ltr'>tibi</span> <span class='ocrx_word' id='word_1_110' title='bbox 523 1670 569 1707; x_wconf 92' lang='lat' dir='ltr'>et</span> <span class='ocrx_word' id='word_1_111' title='bbox 601 1663 734 1718; x_wconf 90' lang='lat' dir='ltr'>mihi;</span> <span class='ocrx_word' id='word_1_112' title='bbox 767 1664 845 1708; x_wconf 92' lang='lat' dir='ltr'>sed</span> <span class='ocrx_word' id='word_1_113' title='bbox 872 1664 1100 1718; x_wconf 90' lang='lat' dir='ltr'>dicamus,</span> <span class='ocrx_word' id='word_1_114' title='bbox 1133 1662 1246 1722; x_wconf 90' lang='lat' dir='ltr'>quid</span> <span class='ocrx_word' id='word_1_115' title='bbox 1268 1664 1450 1708; x_wconf 87' lang='lat' dir='ltr'>tandem</span> 
     </span>
     <span class='ocr_line' id='line_1_19' title="bbox 258 1739 1447 1798; baseline 0.002 -15"><span class='ocrx_word' id='word_1_116' title='bbox 258 1742 319 1784; x_wconf 88' lang='lat' dir='ltr'>sit</span> <span class='ocrx_word' id='word_1_117' title='bbox 356 1741 604 1784; x_wconf 89' lang='lat' dir='ltr'>rhetorices</span> <span class='ocrx_word' id='word_1_118' title='bbox 648 1740 766 1783; x_wconf 92' lang='lat' dir='ltr'>illud</span> <span class='ocrx_word' id='word_1_119' title='bbox 814 1740 934 1798; x_wconf 89' lang='lat' dir='ltr'>quod</span> <span class='ocrx_word' id='word_1_120' title='bbox 975 1742 1206 1798; x_wconf 87' lang='lat' dir='ltr'>reliquum</span> <span class='ocrx_word' id='word_1_121' title='bbox 1244 1739 1334 1784; x_wconf 88' lang='lat' dir='ltr'>est&#39;&#39;</span> <span class='ocrx_word' id='word_1_122' title='bbox 1386 1744 1447 1794; x_wconf 86' lang='grc'>1).</span> 
     </span>
     <span class='ocr_line' id='line_1_20' title="bbox 256 1816 1450 1877; baseline 0.002 -17"><span class='ocrx_word' id='word_1_123' title='bbox 256 1816 476 1877; x_wconf 90' lang='lat' dir='ltr'>Deinceps</span> <span class='ocrx_word' id='word_1_124' title='bbox 499 1831 762 1861; x_wconf 89' lang='lat' dir='ltr'>enumerare</span> <span class='ocrx_word' id='word_1_125' title='bbox 778 1818 941 1877; x_wconf 85' lang='lat' dir='ltr'>incipit</span> <span class='ocrx_word' id='word_1_126' title='bbox 957 1817 1209 1877; x_wconf 82' lang='lat' dir='ltr'>singularia</span> <span class='ocrx_word' id='word_1_127' title='bbox 1227 1818 1450 1876; x_wconf 87' lang='lat' dir='ltr'>quaedam</span> 
     </span>
     <span class='ocr_line' id='line_1_21' title="bbox 257 1896 1448 1952; baseline 0.001 -15"><span class='ocrx_word' id='word_1_128' title='bbox 257 1896 565 1952; x_wconf 89' lang='lat' dir='ltr'>complurium</span> <span class='ocrx_word' id='word_1_129' title='bbox 607 1896 847 1938; x_wconf 88' lang='lat' dir='ltr'>rhetorum</span> <span class='ocrx_word' id='word_1_130' title='bbox 891 1897 1099 1946; x_wconf 80' lang='lat' dir='ltr'>inventa,</span> <span class='ocrx_word' id='word_1_131' title='bbox 1141 1901 1322 1937; x_wconf 82' lang='grc' dir='ltr'><strong>σκώπτων</strong></span> <span class='ocrx_word' id='word_1_132' title='bbox 1338 1899 1448 1946; x_wconf 78' lang='grc' dir='ltr'><strong>αὐτά,</strong></span> 
     </span>
     <span class='ocr_line' id='line_1_22' title="bbox 255 1969 1449 2033; baseline 0.002 -17"><span class='ocrx_word' id='word_1_133' title='bbox 255 1972 304 2016; x_wconf 92' lang='lat' dir='ltr'>in</span> <span class='ocrx_word' id='word_1_134' title='bbox 328 1969 508 2030; x_wconf 90' lang='lat' dir='ltr'>reliquo</span> <span class='ocrx_word' id='word_1_135' title='bbox 527 1976 684 2016; x_wconf 91' lang='lat' dir='ltr'>autem</span> <span class='ocrx_word' id='word_1_136' title='bbox 711 1985 916 2017; x_wconf 87' lang='lat' dir='ltr'>sermone</span> <span class='ocrx_word' id='word_1_137' title='bbox 944 1987 1176 2033; x_wconf 90' lang='lat' dir='ltr'>perpauca</span> <span class='ocrx_word' id='word_1_138' title='bbox 1209 1978 1392 2018; x_wconf 88' lang='lat' dir='ltr'>tantum</span> <span class='ocrx_word' id='word_1_139' title='bbox 1425 1987 1449 2018; x_wconf 91' lang='lat' dir='ltr'>e</span> 
     </span>
     <span class='ocr_line' id='line_1_23' title="bbox 254 2047 1446 2100; baseline 0.002 -10"><span class='ocrx_word' id='word_1_140' title='bbox 254 2047 490 2091; x_wconf 87' lang='lat' dir='ltr'>rhetoricis</span> <span class='ocrx_word' id='word_1_141' title='bbox 537 2054 782 2100; x_wconf 81' lang='lat' dir='ltr'>memorat,</span> <span class='ocrx_word' id='word_1_142' title='bbox 835 2048 1014 2093; x_wconf 90' lang='lat' dir='ltr'>rediens</span> <span class='ocrx_word' id='word_1_143' title='bbox 1071 2050 1189 2093; x_wconf 90' lang='lat' dir='ltr'>inter</span> <span class='ocrx_word' id='word_1_144' title='bbox 1238 2051 1446 2093; x_wconf 90' lang='lat' dir='ltr'>sermoci-</span> 
     </span>
     <span class='ocr_line' id='line_1_24' title="bbox 254 2123 835 2170; baseline 0 -1"><span class='ocrx_word' id='word_1_145' title='bbox 254 2125 459 2169; x_wconf 91' lang='lat' dir='ltr'>nandum</span> <span class='ocrx_word' id='word_1_146' title='bbox 493 2123 552 2168; x_wconf 86' lang='lat' dir='ltr'>ad</span> <span class='ocrx_word' id='word_1_147' title='bbox 583 2125 835 2170; x_wconf 89' lang='lat' dir='ltr'>dialectica.</span> 
     </span>
    </p>

    <p class='ocr_par' dir='ltr' id='par_1_3' title="bbox 253 2198 1448 2340">
     <span class='ocr_line' id='line_1_25' title="bbox 316 2198 1446 2259; baseline 0.001 -14"><span class='ocrx_word' id='word_1_148' title='bbox 316 2198 567 2245; x_wconf 87' lang='lat' dir='ltr'>Cavcamus</span> <span class='ocrx_word' id='word_1_149' title='bbox 593 2215 716 2256; x_wconf 87' lang='lat' dir='ltr'>vero,</span> <span class='ocrx_word' id='word_1_150' title='bbox 736 2216 793 2245; x_wconf 89' lang='lat' dir='ltr'>ne</span> <span class='ocrx_word' id='word_1_151' title='bbox 800 2202 1009 2259; x_wconf 92' lang='lat' dir='ltr'>jocosum</span> <span class='ocrx_word' id='word_1_152' title='bbox 1026 2203 1142 2247; x_wconf 89' lang='lat' dir='ltr'>illud</span> <span class='ocrx_word' id='word_1_153' title='bbox 1158 2201 1361 2247; x_wconf 87' lang='lat' dir='ltr'>Socratis</span> <span class='ocrx_word' id='word_1_154' title='bbox 1379 2217 1446 2246; x_wconf 87' lang='lat' dir='ltr'>re-</span> 
     </span>
     <span class='ocr_line' id='line_1_26' title="bbox 253 2278 1448 2340; baseline 0.003 -19"><span class='ocrx_word' id='word_1_155' title='bbox 253 2293 473 2336; x_wconf 89' lang='lat' dir='ltr'>sponsum</span> <span class='ocrx_word' id='word_1_156' title='bbox 497 2294 579 2322; x_wconf 90' lang='lat' dir='ltr'>nos</span> <span class='ocrx_word' id='word_1_157' title='bbox 597 2278 814 2337; x_wconf 85' lang='lat' dir='ltr'>decipiat!</span> <span class='ocrx_word' id='word_1_158' title='bbox 833 2278 1010 2323; x_wconf 88' lang='lat' dir='ltr'>Indicat</span> <span class='ocrx_word' id='word_1_159' title='bbox 1027 2287 1208 2325; x_wconf 85' lang='lat' dir='ltr'>tantum</span> <span class='ocrx_word' id='word_1_160' title='bbox 1229 2282 1448 2340; x_wconf 89' lang='lat' dir='ltr'>sapientis</span> 
     </span>
    </p>
   </div>
   <div class='ocr_carea' id='block_1_3' title="bbox 247 2431 504 2439">
    <p class='ocr_par' dir='ltr' id='par_1_4' title="bbox 247 2431 504 2439">
     <span class='ocr_line' id='line_1_27' title="bbox 247 2431 504 2439; baseline 0 0"><span class='ocrx_word' id='word_1_161' title='bbox 247 2431 504 2439; x_wconf 95' lang='lat' dir='ltr'> </span> 
     </span>
    </p>
   </div>
   <div class='ocr_carea' id='block_1_4' title="bbox 300 2515 785 2559">
    <p class='ocr_par' dir='ltr' id='par_1_5' title="bbox 300 2515 785 2559">
     <span class='ocr_line' id='line_1_28' title="bbox 300 2515 785 2559; baseline 0.006 -11"><span class='ocrx_word' id='word_1_162' title='bbox 300 2517 331 2559; x_wconf 90' lang='lat'>1)</span> <span class='ocrx_word' id='word_1_163' title='bbox 353 2515 502 2549; x_wconf 85' lang='lat' dir='ltr'>Phaedr.</span> <span class='ocrx_word' id='word_1_164' title='bbox 526 2528 560 2559; x_wconf 83' lang='lat' dir='ltr'>p.</span> <span class='ocrx_word' id='word_1_165' title='bbox 583 2518 655 2550; x_wconf 85' lang='lat'>266.</span> <span class='ocrx_word' id='word_1_166' title='bbox 681 2518 717 2551; x_wconf 81' lang='lat' dir='ltr'>O.</span> <span class='ocrx_word' id='word_1_167' title='bbox 741 2518 785 2551; x_wconf 90' lang='lat' dir='ltr'>D.</span> 
     </span>
    </p>
   </div>
  </div>
 </body>
</html>
