1786 2956
876 330 930 372 61

309 467 599 524 eloquentiae
643 471 689 508 et
737 479 870 507 sanae
919 464 1191 515 rhetorices,
1238 481 1350 523 quas
1386 468 1500 511 veri-

306 549 403 586 tate
436 542 525 584 niti
558 540 607 583 in
640 539 870 595 PhaedrO,
903 541 1101 599 pulchro
1135 546 1289 586 autem
1318 548 1364 586 et
1381 542 1499 586 bono

307 621 355 661 in
420 615 590 675 Gorgia
655 616 786 660 docet
853 615 1084 671 Socrates3
1149 619 1288 662 simul
1346 628 1498 662 autem

305 695 629 754 intelligimus,
662 709 744 739 cur
775 700 1016 753 praecepta
1059 695 1334 748 rhetorices,
1379 711 1497 755 quae

238 807 242 811 .
305 771 370 814 ibi
394 771 657 821 traduntur,
690 772 891 814 maxima
910 785 995 829 pro
1012 777 1149 829 parte
1182 773 1494 816 characterem
1519 762 1522 765 s

304 847 502 891 habeant
530 834 808 907 negativum.
841 847 1072 892 Nimirum
1103 864 1284 893 necesse
1313 856 1413 893 erat
1442 856 1495 893 ut

303 925 541 968 rhetorum
563 931 608 968 et
626 926 935 983 sophistarum
952 925 1159 968 officinae
1170 927 1298 969 velut
1315 925 1495 984 Augiae

303 1000 535 1043 stabulum
579 1000 788 1044 sordibus
832 1006 878 1043 et
925 999 1121 1043 fallaciis
1160 1009 1494 1059 purgarentur,

302 1076 469 1134 quibus
521 1083 654 1121 erant
698 1078 929 1136 oppletae,
974 1083 1120 1135 utque
1164 1076 1301 1120 claris
1346 1083 1494 1121 osten-

302 1151 490 1197 deretur
533 1154 837 1213 argumentis,
887 1153 1113 1212 quomodo
1155 1153 1402 1198 verborum
1449 1160 1494 1198 et

299 1231 552 1288 figurarum
581 1232 652 1273 illi
684 1232 892 1288 magistri
922 1232 1208 1288 superficiem
1224 1237 1406 1274 tantum
1421 1233 1491 1275 rei

299 1310 558 1366 tangerent,
591 1320 682 1349 non
713 1320 824 1350 vero
842 1304 901 1349 ad
932 1306 1150 1350 nucleum
1181 1311 1488 1365 penetrarent.

299 1383 366 1427 De
397 1385 483 1427 hoc
515 1386 654 1427 etiam
685 1383 889 1427 breviter
920 1384 1167 1427 videamus

361 1459 463 1503 Non
512 1459 736 1504 immerito
778 1460 1012 1517 sophistae
1044 1474 1127 1518 per
1161 1473 1292 1503 omne
1326 1474 1491 1504 aevum

298 1539 344 1580 in
372 1539 627 1581 multorum
659 1539 955 1580 incurrerunt
987 1537 1407 1594 reprehensionem;
1434 1552 1491 1581 ne

297 1620 446 1670 tamen
470 1614 802 1664 obliviscamur,
821 1613 943 1672 quod
961 1613 1017 1656 ad
1035 1614 1261 1657 theoriam
1279 1615 1490 1672 eloquen-

296 1691 389 1733 tiae
418 1692 595 1740 attinet,
625 1692 733 1734 illos
760 1691 884 1733 viam
914 1690 1145 1747 aperuisse
1158 1689 1217 1733 ad
1230 1691 1348 1733 hanc
1361 1691 1490 1733 disci-

294 1765 476 1825 plinam,
504 1781 619 1811 neve
651 1766 834 1810 laudem
852 1767 909 1810 iis
928 1767 1193 1824 eripiamus,
1213 1766 1334 1824 quod
1350 1767 1489 1824 primi

295 1844 425 1887 fuere
443 1844 523 1902 qui
536 1844 807 1887 rhetoricam
833 1848 977 1887 artem
1003 1857 1271 1901 componere
1289 1845 1490 1903 aggressi

294 1928 420 1975 sunt3
464 1922 531 1965 ita
575 1927 751 1973 tamen,
800 1927 854 1965 ut
905 1927 1097 1964 conatus
1142 1936 1300 1964 eorum
1331 1922 1487 1965 laude-

294 2013 414 2047 mus,
463 2013 554 2040 non
594 2013 647 2041 ea
679 2013 797 2056 quae
829 1999 901 2041 his
941 1997 1179 2041 conatibus
1211 1998 1486 2050 effecerunt;

293 2073 530 2118 laudemus
568 2072 775 2117 studium
823 2073 1072 2117 rhetorices
1123 2072 1179 2117 ab
1225 2074 1316 2116 illis
1366 2075 1485 2117 exci-

292 2156 461 2202 tatum,
510 2166 602 2194 non
652 2165 759 2194 vero
795 2151 943 2207 ipsam
981 2155 1124 2193 artem
1175 2165 1314 2207 quam
1358 2165 1485 2194 exer-

292 2235 501 2273 cuerunt.
535 2228 651 2272 Nam
669 2227 778 2286 quid
793 2228 982 2278 mirum,
1016 2225 1138 2286 quod
1156 2226 1202 2270 hi
1225 2227 1336 2271 salse
1362 2228 1483 2285 judi-

291 2312 444 2349 cantes
489 2306 545 2349 de
591 2305 875 2364 eloquentia,
913 2319 1050 2363 quam
1098 2305 1484 2362 superstruebant

291 2389 342 2436 τῷ
371 2387 506 2434 dudm,
541 2383 659 2427 falsa
693 2384 808 2427 artis
855 2388 1101 2441 praecepta
1127 2384 1482 2442 promulgarint,

290 2461 435 2518 magis
469 2463 515 2499 τὰ
543 2461 724 2501 δοκοῦντα
757 2474 895 2518 quam
917 2463 965 2499 τὰ
991 2463 1085 2500 ὄντα
1100 2459 1481 2516 sectantes?quid

291 2539 468 2585 mirum,
483 2538 605 2594 quod
623 2539 756 2580 unice
774 2542 820 2577 τὰ
848 2542 976 2589 κομψὰ
991 2544 1053 2588 τῆς
1069 2539 1199 2590 τέχνης
1218 2537 1479 2587 tractarint,
