1786 2956
864 283 917 325 25

291 418 477 477 penitus
508 418 747 474 amplexus
780 423 871 468 est,
906 418 955 460 in
989 416 1224 460 hominum
1257 419 1402 460 vitam
1438 435 1489 461 ac

291 495 552 536 societatem
583 494 804 537 transfert
833 493 1094 551 (realzlffeert).
1140 492 1308 537 Tendit
1340 510 1486 552 genus

290 570 544 612 humanum
578 569 636 613 ad
667 571 901 614 meliorem
934 570 1242 614 conditionem
1275 570 1486 628 pedeten-

290 647 375 689 tim
407 647 740 705 progrediendo
775 648 832 690 ad
863 649 1001 691 finem
1029 648 1251 690 divinitus
1281 647 1372 704 ipsi
1396 647 1489 691 des-

289 722 499 767 tinatum.
539 721 660 767 Hinc
688 724 966 782 multiplices
997 725 1068 768 illi
1087 730 1303 775 conatus,
1333 725 1413 782 qui
1441 723 1488 767 id

289 799 375 842 sibi
422 801 712 857 propositum
758 800 944 850 habent,
997 807 1050 842 ut
1103 801 1402 843 emendentur
1442 807 1486 843 et

288 877 607 935 provehantur
639 878 791 920 omnia
819 891 938 934 quae
966 878 1229 934 pertineant
1254 877 1310 920 ad
1327 892 1485 920 veram

288 954 527 996 hominum
589 968 639 996 ac
698 953 877 1012 generis
922 953 1112 997 humani
1159 955 1377 1003 salutem,
1428 954 1485 996 ad

289 1030 418 1072 illam
449 1029 781 1073 beatitudinem
813 1045 950 1087 quam
985 1045 1146 1088 capere
1178 1031 1337 1087 possit.

349 1104 696 1149 Attendendum
743 1107 818 1149 hic
865 1106 996 1150 nobis
1046 1114 1115 1150 est
1159 1106 1218 1150 ad
1250 1106 1486 1149 notionem

289 1188 353 1223 τοῦ
380 1185 530 1232 ἀγαθοῦ
553 1184 835 1233 universam,
859 1198 978 1241 quae
995 1183 1314 1241 complectitur
1332 1185 1486 1226 omnia

289 1274 341 1302 ea
386 1258 552 1317 quibus
590 1260 829 1303 hominum
861 1260 960 1303 vita
992 1274 1155 1303 revera
1187 1261 1349 1303 melior
1382 1259 1483 1303 red-

287 1337 435 1380 datur.
517 1335 638 1379 Hinc
685 1338 988 1395 intelligitur„
1040 1352 1183 1395 quare
1243 1337 1310 1387 id,
1360 1336 1484 1395 quod

288 1413 458 1457 bonum
491 1413 722 1472 appellare
766 1415 985 1464 solemus,
1030 1415 1174 1457 variis
1220 1413 1484 1472 appelletur

286 1490 548 1540 vocabulis,
613 1507 698 1548 pro
764 1490 947 1534 diversa
1011 1506 1167 1535 rerum
1216 1491 1479 1534 conditione

288 1566 346 1609 ad
395 1582 507 1625 quas
539 1567 780 1610 referatur.
845 1565 928 1610 Est
967 1569 1085 1610 enim
1128 1567 1336 1610 iustum
1368 1567 1483 1609 nihil

287 1643 414 1687 aliud
462 1644 551 1687 nisi
601 1648 641 1684 τὸ
668 1646 833 1694 ἀγαθόν,
873 1651 1102 1702 quatenus
1138 1645 1183 1688 id
1216 1651 1388 1703 spectet
1423 1643 1479 1687 ad

286 1735 338 1763 ca
371 1735 490 1778 quae
521 1708 784 1763 hominibus
814 1727 859 1763 et
892 1722 1097 1763 societati
1127 1722 1355 1763 humanae
1374 1735 1478 1762 con-

285 1804 501 1841 sentanea
518 1804 627 1840 sunt
648 1799 707 1849 1),
737 1798 1147 1855 complectiturque
1179 1797 1298 1840 illud
1323 1812 1484 1840 »suum

287 1875 453 1933 cuique
478 1872 716 1918 tribuere.”
750 1873 936 1923 Bonum,
967 1875 1005 1917 si
1035 1875 1236 1918 refertur
1267 1874 1325 1918 ad
1353 1875 1479 1917 vitae

287 1967 443 2001 usum,
481 1950 617 1994 utile
650 1951 832 1994 dicitur.
868 1951 1010 2002 Idem,
1045 1967 1189 2009 quum
1206 1952 1409 1994 refertur
1426 1951 1484 1993 ad

286 2029 516 2072 internam
548 2028 744 2071 hominis
778 2028 1107 2078 conditionem,
1143 2028 1281 2071 efficit
1313 2027 1484 2071 leones-

285 2113 394 2149 tum.
416 2104 464 2148 Si
481 2107 628 2164 igitur
646 2107 846 2162 aliquem
864 2105 1073 2148 audimus
1085 2112 1481 2163 propugnatorem

285 2182 403 2233 boni,
438 2183 702 2240 angustiore
731 2197 887 2230 sensu,
922 2182 1045 2224 hunc
1062 2183 1228 2224 merito
1255 2182 1481 2225 confidere

328 2387 358 2426 1)
394 2385 444 2418 Cf.
481 2386 588 2429 Gorg.
623 2398 656 2429 p.
692 2386 754 2420 507
789 2387 831 2419 A.
889 2387 1082 2420 [teneamus
1115 2387 1324 2420 vocabulum
1359 2387 1481 2420 δίκαιον

283 2443 407 2475 latiore
443 2443 547 2475 ctiam
582 2455 686 2476 sensu
717 2455 898 2477 occurrere
922 2445 1016 2487 apud
1038 2446 1235 2483 Platonem,
1259 2449 1364 2488 atque
1389 2446 1481 2478 idem

284 2504 475 2547 significare
500 2518 537 2539 ac
560 2505 594 2539 τὸ
626 2507 767 2550 ἀγαθόν.
