1786 2956
859 304 917 347 43

294 437 446 498 genda
485 442 586 481 erat
619 436 926 489 arithmetica,
958 438 1284 497 grammatica,
1322 430 1483 482 dialec-

295 514 397 564 tica,
410 512 679 557 tractandae
696 513 944 558 secundum
961 528 1059 558 eam
1075 512 1354 564 methodum,
1368 528 1486 571 quae

292 588 499 633 Platonis
526 603 585 633 ex
610 595 765 634 mente
792 591 927 634 unice
955 590 1013 634 ad
1034 605 1198 635 verum
1214 589 1403 634 duceret
1424 591 1484 641 1).

353 662 564 722 Denique
591 666 789 723 applicet
820 681 868 710 se
898 666 1083 710 futurus
1113 671 1271 709 orator
1289 664 1346 708 ad
1364 670 1484 708 artes

293 739 503 784 liberales
531 746 749 799 tanquam
774 755 931 785 veram
953 748 1148 794 μουσικήν,
1168 746 1218 784 ut
1244 742 1312 784 ita
1336 741 1486 790 εὐλογία

294 820 357 858 καὶ
386 819 604 871 εὐαρμοστία
631 821 694 859 καὶ
723 821 971 874 εὐσχημοσύνη
999 822 1062 860 καὶ
1090 821 1274 872 εὐρυθμία
1292 818 1486 870 ἀκολουθῇ

293 900 340 944 τῇ
375 896 547 946 εὐηθείᾳ,
602 894 646 937 h.
696 909 731 938 e.
781 902 828 948 τῇ
865 898 917 941 ὥς
943 895 1098 947 ἀληθῶς
1126 893 1167 935 εὖ
1193 912 1232 935 τε
1266 898 1330 934 καὶ
1361 894 1485 940 καλῶς

293 971 335 1008 τὸ
359 968 454 1020 ἦθος
481 973 800 1025 κατεσκευασμένῃ
828 972 980 1022 διανοίᾳ
1010 974 1059 1025 2),
1083 976 1135 1016 ut
1151 970 1218 1015 ita
1235 968 1487 1014 adducatur

295 1043 355 1087 ad
385 1044 535 1089 ideam
565 1047 762 1105 pulchri.

354 1119 613 1174 Postremo,
655 1123 943 1181 pertractatis
977 1122 1133 1168 artibus
1164 1129 1210 1167 et
1242 1119 1484 1180 dzleczfflinis,

294 1203 477 1254 oportet
520 1213 625 1242 eum
665 1201 813 1243 veluti
845 1214 1059 1245 coronam
1091 1200 1219 1257 operi
1251 1200 1486 1256 imponere

295 1272 523 1325 doctrinas,
556 1280 607 1318 ut
638 1277 707 1319 ita
738 1280 894 1319 orator
925 1276 1069 1334 probe
1100 1274 1306 1319 eruditus
1336 1274 1419 1317 fiat
1436 1274 1485 1316 in

295 1348 373 1403 iis,
406 1363 521 1407 quae
553 1350 641 1395 sibi
672 1350 914 1395 tractanda
946 1357 1183 1395 sumturus
1216 1350 1288 1394 sit.
1351 1348 1486 1394 Prae-

295 1431 428 1482 cepta
488 1440 540 1470 eo
598 1429 852 1484 spectantia
909 1442 1013 1472 cum
1069 1428 1236 1485 passim
1288 1426 1489 1484 dispersa

293 1507 403 1545 sunt
449 1501 498 1547 in
540 1501 741 1549 Platonis
780 1503 1018 1561 operibus,
1060 1509 1159 1547 tum
1205 1501 1313 1546 data
1346 1517 1489 1560 opera

295 1583 595 1636 exponuntur
637 1580 687 1623 in
724 1578 998 1638 Republica,
1041 1579 1121 1623 ubi
1155 1577 1391 1623 Socratem
1422 1579 1489 1622 in-

294 1654 421 1699 ducit
477 1655 831 1714 praecipientem
875 1654 1099 1702 Glauconi
1145 1662 1191 1700 et
1234 1653 1487 1699 Adimanto

294 1744 477 1774 necesse
536 1745 651 1782 esse,
711 1737 765 1774 ut
824 1736 1068 1789 percurrat
1127 1729 1324 1774 triadem
1370 1730 1488 1774 hanc

296 1805 488 1862 artium,
548 1807 895 1866 disciplinarum
954 1813 1000 1853 et
1059 1806 1370 1851 doctrinarum
1385 1842 1395 1858 ,
1451 1806 1488 1849 si

302 1883 402 1941 quis
433 1898 539 1928 vere
570 1886 764 1938 φιλόσοφος
794 1885 894 1930 fieri
921 1885 1036 1929 velit
1064 1891 1108 1929 et
1139 1884 1349 1942 deinceps
1377 1897 1485 1927 vere

339 2065 372 2107 1)
394 2063 654 2106 Quinctilianus
676 2063 862 2107 praecipit:
883 2063 973 2103 „nisi
990 2063 1212 2107 grammatica
1224 2062 1354 2096 oratori
1368 2062 1489 2096 futuro

296 2121 525 2156 fundamenta
535 2120 689 2155 fideliter
698 2121 834 2165 jecerit,
842 2121 1018 2165 quidquid
1029 2120 1304 2165 superstruxeris
1316 2120 1490 2153 corruet.'’

295 2180 415 2213 Instit.
452 2180 548 2214 Orat.
579 2182 609 2213 1.
631 2181 671 2218 4,
702 2182 732 2212 1.
756 2198 800 2203 ——
822 2179 1047 2218 „Geomet-ria
1069 2182 1106 2211 et
1126 2179 1258 2212 musica
1277 2178 1491 2211 necessariae

296 2240 379 2270 sunt
411 2237 541 2271 oratori
575 2237 715 2271 futuro''
737 2236 791 2270 off.
815 2238 845 2270 1.
868 2236 898 2276 7,
923 2238 953 2276 8,
976 2238 1006 2269 9.
1051 2236 1185 2270 Locum
1207 2236 1314 2269 etiam
1335 2235 1491 2269 vindieat

289 2294 476 2329 historiae:
500 2295 629 2341 „Apud
652 2297 829 2331 rhetorem
841 2297 1036 2340 (oratorem)
1048 2295 1190 2329 initium
1200 2294 1435 2328 institutionis
1448 2294 1493 2327 sit

295 2353 462 2394 historia,
493 2358 591 2389 tanto
620 2355 814 2395 robustior,
845 2358 976 2399 quanto
998 2355 1144 2389 verior.'’
1168 2355 1199 2388 2.
1220 2356 1251 2394 4,
1275 2355 1305 2387 1.
1351 2353 1489 2387 Cicero:

295 2411 431 2451 „Nemo
452 2412 491 2446 in
513 2416 692 2447 oratorum
713 2424 859 2447 numero
884 2413 1065 2447 habendus
1077 2438 1085 2452 ,
1109 2412 1254 2455 quinon
1274 2413 1319 2446 sit
1331 2411 1490 2445 omnibus

296 2468 428 2503 artibus
450 2469 561 2504 libero
586 2471 699 2515 dignis
722 2471 947 2516 perpolitus.”
980 2470 1035 2505 De
1058 2471 1153 2504 Orat.
1179 2473 1207 2504 1.
1233 2472 1284 2504 16.

342 2529 374 2571 2)
397 2528 447 2561 Of.
472 2528 515 2561 de
539 2529 627 2571 Rep.
650 2541 684 2571 p.
707 2531 772 2562 400
794 2530 838 2563 D.
