1786 2956
873 357 928 398 26

295 492 424 541 licet,
459 492 496 534 si
530 508 557 534 a
591 497 720 548 parte
754 492 811 534 ad
844 497 992 534 totum
1026 490 1319 543 traducatur,
1343 490 1491 535 vindi-

295 581 392 610 cem
424 567 522 610 fore
554 571 619 607 τοῦ
644 569 807 617 ἀγαθοῦ,
841 581 977 610 sensu
1010 568 1188 611 latiore.

357 641 462 686 Jam
496 657 602 686 vero
636 657 727 686 non
760 642 1031 694 mirandum,
1066 658 1090 687 e
1122 650 1275 689 mente
1294 642 1492 706 Socratis

295 728 341 765 et
379 719 609 771 Platonis,
654 735 748 763 non
792 721 945 764 minus
982 722 1170 765 tertium
1204 722 1291 765 hoc
1323 722 1492 779 princi-

292 797 421 855 pium
462 811 601 854 quam
635 795 727 840 duo
762 797 845 840 illa
876 798 1036 856 priora
1069 798 1295 842 vindicari
1329 797 1493 841 debere

292 872 591 931 eloquentiae,
619 874 658 916 si
687 873 869 931 quidem
886 875 999 917 haec
1016 889 1069 917 eo
1087 880 1258 932 spectet
1276 880 1330 917 ut
1348 874 1491 916 homi-

290 964 371 994 nes
388 948 445 993 ad
463 963 617 993 veram
634 948 832 994 adducat
849 949 1194 995 humanitatem.
1212 946 1391 1003 Quodsi
1408 950 1493 992 hoc

291 1026 379 1070 sibi
412 1028 700 1084 propositum
731 1027 897 1080 habet,
932 1027 1066 1071 aliter
1094 1028 1196 1071 fieri
1219 1042 1308 1070 non
1327 1033 1491 1084 potest,

291 1104 405 1162 quin
439 1104 538 1160 ipsa
571 1119 755 1162 quoque
788 1103 1016 1162 principio
1042 1104 1149 1148 boni
1178 1105 1370 1147 nitatur.
1402 1099 1491 1155 Qui

291 1181 413 1223 enim
446 1178 706 1237 eloquentia
740 1180 799 1224 ad
831 1179 1004 1223 bonum
1038 1179 1304 1231 adduceret,
1337 1179 1373 1222 si
1395 1178 1493 1236 ipsa

289 1258 400 1300 mali
449 1257 563 1315 quid
595 1257 847 1315 cogitaret?
897 1254 988 1309 Qui
1022 1257 1279 1316 impelleret
1313 1272 1399 1301 nos
1435 1258 1493 1301 ad

290 1332 515 1385 decorum⁷
548 1333 585 1377 si
618 1333 717 1392 ipsa
749 1333 1043 1392 turpitudine
1076 1333 1233 1392 aliqua
1265 1335 1494 1377 maculata

290 1412 440 1454 esset?
536 1410 660 1454 Num
717 1410 830 1467 justi
895 1425 1095 1453 amorem
1159 1410 1402 1464 excitaret,
1457 1410 1491 1454 si

289 1488 390 1544 ipsa
439 1487 669 1531 niteret-ur
719 1487 922 1544 injusto?
993 1487 1112 1531 Num
1146 1487 1404 1545 impelleret
1437 1488 1493 1530 ad

289 1564 425 1614 utile,
468 1563 526 1607 ad
559 1564 822 1613 honestum,
857 1564 958 1620 ipsa
990 1562 1219 1606 contrario
1257 1563 1490 1621 gaudens?

287 1640 498 1685 Profecto
547 1640 695 1684 inanis
743 1640 863 1683 soret
913 1654 965 1683 ac
1012 1646 1194 1683 mortua
1228 1640 1490 1698 eloquentia

286 1733 406 1777 quae
438 1718 809 1775 proficisceretur
849 1732 872 1760 e
905 1717 1035 1761 fonte
1068 1716 1302 1760 lutulento
1328 1723 1373 1760 et
1391 1723 1486 1760 tur-

284 1793 403 1839 bido.
448 1791 601 1849 Quare
630 1793 814 1852 penitus
836 1809 1104 1852 persuasum
1134 1794 1220 1838 hoc
1248 1792 1377 1837 nobis
1404 1794 1484 1845 sit,

287 1873 579 1929 eloquentiae
642 1870 878 1929 principiis
943 1869 1341 1914 annumerandum
1389 1885 1486 1914 esse

286 1952 328 1989 τὸ
356 1950 520 1997 ἀγαθόν.

349 2023 438 2067 Sed
456 2029 747 2067 revertamur
765 2024 824 2067 ad
842 2021 1073 2081 Socratem
1085 2060 1094 2074 ,
1113 2025 1195 2082 qui
1213 2023 1355 2082 probe
1375 2024 1485 2067 scie-

284 2100 366 2144 bat
383 2115 431 2145 se
464 2115 565 2145 cum
597 2102 757 2159 paucis
791 2106 977 2145 tantum
995 2115 1189 2144 suorum
1205 2101 1487 2150 civium‚vel

286 2178 442 2236 potius
475 2179 647 2231 solum,
687 2187 734 2234 τῇ
775 2183 826 2228 ὡς
866 2179 1022 2234 ἀληθῶς
1064 2183 1239 2233 ῥητορικῇ
1272 2182 1482 2233 ἐπιχειρεῖν.

281 2254 341 2311 ‘In
371 2252 543 2313 Gorgia
572 2271 738 2298 rursus
767 2255 1069 2299 disserentem
1098 2269 1203 2298 eum
1229 2253 1485 2303 audiamus,

286 2345 429 2390 quum
446 2337 668 2390 tanquam
679 2338 1002 2392 propugnator
1010 2331 1119 2375 boni
1131 2332 1180 2374 in
1193 2344 1376 2374 arenam
1388 2329 1485 2373 des-

284 2408 439 2453 cendit
454 2415 612 2452 contra
627 2415 723 2452 tres
742 2410 848 2452 illos
866 2409 1108 2466 sophistas,
1125 2408 1207 2466 qui
1218 2408 1419 2451 maxima
1436 2409 1484 2450 in

284 2485 587 2530 admiratione
601 2491 735 2529 erant
757 2485 881 2542 apud
907 2484 1133 2543 populum
1146 2483 1484 2528 Atheniensem.

346 2562 399 2607 In
442 2563 590 2621 primo
632 2561 861 2621 colloquio
910 2559 1126 2621 Gorgiam
1172 2563 1292 2620 cogit
1325 2562 1482 2611 fateri,
