1786 2956
902 310 926 351 2

371 442 477 488 Jam
506 450 682 489 veteres
715 443 831 488 hanc
865 460 960 489 csse
994 446 1132 489 animi
1165 453 1379 490 naturam
1396 461 1505 505 quo-

310 520 551 565 dammodo
580 528 939 578 perspexerunt,
967 521 1191 580 iidemque
1221 530 1504 582 agnoverunt

309 613 452 655 quam
501 597 696 641 obtusae
744 603 789 640 et
821 597 1082 642 debilitatae
1115 601 1210 643 sint
1241 601 1329 644 hae
1361 602 1504 644 animi

308 674 572 723 facultates,
607 688 696 731 quo
729 674 834 723 fiat,
870 680 921 716 ut
953 690 1061 717 raro
1105 682 1328 733 quaerant
1361 682 1407 720 et
1442 691 1505 720 se-

307 755 508 807 quantur
558 764 789 793 summum
837 749 953 793 illud
1012 756 1057 793 et
1106 757 1363 794 extremum
1412 766 1503 810 quo

304 825 488 870 tendere
509 825 689 870 debent.
724 824 841 870 Prae
866 826 1028 871 ceteris
1057 833 1309 872 memoratu
1333 827 1500 888 dignus

302 902 510 947 Platonis
570 902 799 954 Socrates,
865 906 944 963 qui
1005 906 1252 949 secundum
1322 903 1497 950 Cicero-

303 994 409 1023 nem
454 979 790 1039 philosophiam
830 979 1071 1025 devocavit
1113 981 1169 1025 de
1203 983 1329 1025 coelo
1376 988 1422 1026 et
1454 982 1502 1026 in

302 1057 496 1101 urbibus
543 1058 784 1101 collocavit
831 1064 877 1102 et
912 1060 960 1101 in
994 1059 1151 1102 domos
1185 1060 1325 1102 etiam
1357 1060 1501 1102 intro-

303 1134 460 1186 duxit,
496 1140 541 1178 et
575 1134 724 1193 coe‘git
756 1133 812 1177 de
844 1134 943 1178 vita
976 1140 1021 1178 et
1037 1134 1245 1179 moribus
1272 1135 1500 1194 rebusque

301 1211 430 1255 bonis
474 1220 518 1255 et
560 1213 694 1255 malis
739 1226 960 1270 quaerere
985 1225 987 1228 ⁴
1009 1214 1069 1265 1).
1131 1210 1379 1269 Comparat
1421 1212 1500 1256 ille

298 1288 471 1333 alicubi
495 1290 700 1333 animum
721 1289 972 1333 humanum
995 1303 1096 1333 cum
1117 1286 1289 1333 Glauco
1307 1290 1497 1340 marino,

298 1367 425 1424 cujus
475 1366 681 1410 membra
729 1367 901 1423 partim
950 1366 1100 1410 fracta
1145 1372 1278 1417 sunt,
1328 1367 1497 1424 partim

297 1445 498 1486 contrita
529 1450 574 1487 et
607 1450 823 1500 corrupta
854 1441 1068 1486 sordibus
1113 1457 1229 1500 quae
1262 1444 1303 1486 ei
1336 1442 1495 1486 adhae-

295 1526 425 1575 rent,
489 1519 764 1580 conchyliis,
815 1521 942 1580 alga,
990 1518 1181 1578 lapillis,
1245 1525 1296 1562 ut
1345 1520 1496 1578 potius

293 1599 418 1642 ferae
451 1600 649 1655 speciem
681 1613 792 1655 prae
825 1613 873 1641 se
906 1598 1025 1641 ferat
1059 1612 1195 1655 quam
1231 1612 1493 1654 germanam

294 1674 512 1733 pristinae
545 1680 739 1718 naturae
762 1674 1028 1732 imaginem:
1053 1674 1121 1717 ita
1143 1672 1322 1717 animus
1339 1672 1494 1717 huma-

296 1766 382 1794 nus
431 1753 702 1809 inquinatus
753 1757 822 1793 est
865 1755 938 1790 ὑπὸ
962 1755 1103 1802 μυρίων
1134 1754 1271 1794 κακῶν.
1322 1748 1498 1801 Quodsi

296 1825 496 1872 Glaucus
526 1827 604 1872 ille
629 1828 677 1872 in
704 1826 946 1887 pristinam
980 1827 1284 1873 conditionem
1311 1827 1497 1871 restitui

241 1926 244 1930 -
296 1912 469 1963 posset,
498 1920 636 1963 quam
668 1905 908 1963 pulchram
941 1907 1012 1949 sui
1040 1904 1286 1962 imaginem
1318 1905 1495 1961 conspi-

297 1980 507 2027 ciendam
534 1981 804 2041 praeberet!
832 1982 880 2036 2)
917 1978 1147 2027 Conemur
1165 1996 1274 2042 ergo
1293 1980 1497 2026 animum

296 2066 507 2102 nostrum
540 2059 803 2113 emendare,
821 2073 1022 2117 purgare
1040 2059 1097 2101 ab
1116 2060 1241 2101 omni
1259 2058 1472 2114 contagio
1486 2091 1495 2106 ‚

296 2135 509 2180 omnibus
559 2136 793 2188 sordibus,
833 2151 919 2195 ope
967 2151 1106 2180 verae
1153 2133 1495 2195 philosophiae,

297 2214 383 2255 hac
417 2217 611 2264 καθάρσει,
639 2218 694 2255 ut
738 2227 844 2255 cum
893 2211 1081 2255 Socrate
1128 2214 1317 2270 loquar,
1351 2209 1495 2268 probe

339 2421 369 2461 1)
394 2419 495 2452 Tusc.
526 2421 658 2462 quaest.
683 2420 712 2452 5.
736 2421 772 2457 4;
804 2418 859 2452 eff.
883 2418 984 2452 Tusa.
1009 2421 1141 2461 quaest.
1166 2418 1195 2450 3.
1221 2418 1252 2455 4,
1275 2416 1382 2450 Acad.
1408 2418 1437 2450 1.
1461 2419 1491 2455 4,

290 2477 395 2519 Apol.
420 2477 550 2509 socrat.
573 2489 606 2519 p.
620 2479 662 2509 28
684 2478 726 2509 E.

334 2536 366 2577 2)
391 2535 493 2569 Plato
518 2535 561 2569 de
584 2535 672 2579 Rep.
698 2535 749 2575 X,
775 2537 825 2569 10.
850 2547 881 2580 p.
907 2536 981 2568 611.
