1786 2956
859 314 917 353 54

287 447 390 503 ipso
413 444 626 490 Christo?
662 446 817 489 Sermo
842 447 990 496 illius,
1025 462 1118 489 non
1146 446 1289 504 magis
1318 446 1484 503 spiritu

286 537 424 582 quam
468 523 612 567 forma
668 528 714 567 et
769 523 920 566 colore
970 521 1280 574 inimitabilis,
1331 535 1482 565 nonne

285 601 459 643 illustri
496 601 705 657 exemplo
738 599 871 642 nobis
901 599 1123 650 ostendit,
1168 605 1328 657 pectus
1362 600 1486 642 omni

283 675 386 719 labe
419 689 587 732 purum
611 681 655 719 et
672 676 908 734 integrum
936 675 1183 719 maximam
1210 675 1484 734 dignitatem

284 757 422 809 atque
454 750 547 794 vim
580 751 827 796 conciliare
860 751 1091 796 orationi?
1143 750 1291 810 Ipsius
1319 766 1485 795 sermo-

282 841 385 881 nes,
414 826 545 870 velut
572 841 691 884 puro
710 834 755 871 et
772 827 966 885 limpido
1001 827 1165 871 efonte
1183 826 1485 884 profluente5‚

280 902 537 947 divinitatis
556 904 754 962 effigiem
781 919 895 963 prae
928 919 976 948 se
1009 904 1188 958 ferunt3
1224 903 1488 961 eloquentia

283 980 383 1036 ejus
413 981 561 1024 omnis
593 980 760 1024 nititur
789 982 936 1024 sancti
966 987 1012 1025 et
1043 979 1192 1023 divini
1224 980 1486 1038 principiis,

284 1071 377 1113 quo
409 1055 460 1098 fit
494 1062 543 1098 ut
577 1071 680 1100 cum
715 1058 914 1114 simplici
957 1056 1081 1099 illius
1129 1056 1338 1099 oratione
1371 1061 1487 1100 cete-

282 1145 461 1181 rorum,
495 1138 728 1189 quotquot
768 1146 971 1189 unquam
999 1133 1145 1175 locuti
1179 1137 1305 1184 sunt,
1340 1131 1486 1175 oratio

281 1220 340 1251 ne
375 1208 634 1266 comparari
668 1207 852 1265 quidem
884 1208 1044 1266 possit.

345 1281 520 1335 Quodsi
552 1284 693 1329 verba
725 1290 888 1327 nostra
904 1284 1055 1327 forent
1073 1284 1220 1327 veluti
1248 1283 1487 1340 speculum

285 1358 423 1402 animi
467 1360 577 1417 puri
622 1365 668 1403 et
712 1361 901 1412 sineeri3
946 1359 982 1403 si
1028 1359 1292 1417 eloquentia
1325 1364 1487 1402 nostra

284 1435 404 1477 fulta
437 1441 558 1478 esset
575 1435 697 1478 vitae
715 1436 980 1489 honestate3
997 1436 1036 1478 si
1055 1434 1265 1478 omnibus
1282 1434 1330 1476 in
1348 1434 1484 1477 rebus

283 1510 480 1555 maxime
533 1510 771 1570 proposita
826 1510 960 1555 nobis
1020 1516 1169 1555 essent
1229 1509 1387 1554 divina
1440 1516 1486 1555 et

285 1591 445 1630 sancta
487 1593 583 1632 tam
621 1589 670 1631 in
714 1587 960 1646 cogitando
1006 1601 1144 1645 quam
1188 1588 1236 1629 in
1283 1587 1484 1645 agendo,

283 1669 381 1707 tum
427 1678 535 1708 sane
576 1664 961 1723 progrederemur
1006 1664 1064 1708 ad
1108 1663 1258 1707 ideam
1290 1663 1485 1721 perfecti

284 1741 507 1784 oratoris!

283 1900 454 1944 professio
475 1899 526 1933 ita
547 1899 633 1939 fert,
658 1902 699 1932 ut
721 1899 909 1933 verborum
930 1900 1103 1933 bonorum
1126 1903 1162 1933 et
1184 1900 1259 1943 ipse
1281 1900 1319 1932 in
1339 1899 1487 1932 dicendo

282 1958 463 1991 studiosus
486 1958 568 1997 sim,
593 1968 787 2001 eorumque
817 1969 936 1991 euram
966 1958 1207 1992 commendem
1229 1961 1266 1991 et
1287 1957 1437 1991 laudem.
1450 1961 1486 1990 et

283 2016 485 2049 defendam:
509 2019 626 2059 tamen
648 2027 704 2048 me
726 2016 839 2049 fateor
848 2041 930 2049 .....
949 2017 1053 2049 malle
1065 2017 1168 2050 Pauli
1181 2016 1273 2049 illud
1287 2016 1411 2050 ardens
1421 2026 1485 2059 pro

281 2074 350 2108 Dei
360 2074 472 2117 gloria
487 2077 523 2107 et
541 2074 690 2108 veritate
710 2077 817 2117 atque
840 2075 972 2108 virtute
995 2077 1119 2118 pectus
1142 2075 1228 2108 cet.”
1241 2073 1266 2108 J
1268 2099 1275 2107 .
1288 2074 1330 2108 A.
1343 2073 1486 2108 Ernesti

281 2132 319 2166 in
342 2135 444 2166 orat:
469 2134 581 2165 Pectus
603 2135 647 2165 est
669 2133 751 2174 quod
772 2133 901 2164 disertos
915 2134 1018 2174 facit.
