1786 2956
872 307 943 351 v68

357 439 600 485 Praeclara
633 438 863 486 Ciceronis
895 440 951 484 de
968 440 1232 498 eloquentia
1247 447 1494 500 praecepta

298 518 503 562 maxima
534 532 619 577 pro
651 523 785 576 parte
817 515 1020 561 tenebris
1047 515 1217 562 obruta
1233 523 1365 563 erant
1381 518 1494 563 etin

296 594 574 638 oblivionem
586 593 790 645 adducta,
805 607 948 652 quum
959 590 1297 646 Quinctilianus
1311 610 1493 655 aggres-

296 686 376 714 sus
405 676 473 714 est
513 669 800 714 conscribere
833 668 1186 715 Institutionem
1218 673 1493 723 oratoriam,

296 761 413 803 opus
446 745 688 789 duodecim
720 745 854 790 libris
887 752 1120 790 constans.
1421 742 1425 744 ⁷

354 820 586 864 Nimirum
619 836 644 865 e
666 820 862 865 diversis
879 822 1065 879 imperii
1081 820 1278 866 Romani
1295 824 1493 882 regioni-

291 896 379 941 bus
427 897 635 942 rhetores
682 896 875 943 Romam
914 899 1258 954 confluxerant,
1291 900 1373 958 qui
1405 915 1492 958 pro

293 989 406 1017 sana
448 975 681 1018 rhetorica
723 988 872 1034 nugas
919 974 1219 1019 venditabant
1252 975 1492 1021 artificiose

293 1051 584 1111 compositas,
619 1054 745 1096 claro
778 1050 1072 1096 ostendentes
1102 1054 1334 1111 exemp10‚
1353 1068 1491 1111 quam

291 1127 510 1183 proclivis
551 1129 613 1170 sit
656 1128 735 1170 via
778 1142 806 1169 a
849 1133 976 1171 recto
1008 1127 1218 1185 bonoque
1252 1128 1311 1171 ad
1343 1144 1493 1186 prava

289 1209 335 1247 et
367 1202 541 1262 inepta:
577 1204 652 1247 cui
685 1202 939 1261 plurimum
971 1203 1192 1255 contulit,
1232 1202 1356 1262 quod
1394 1220 1492 1250 una

287 1294 393 1323 cum
456 1294 567 1323 vera
628 1278 948 1339 magnitudine
1009 1285 1055 1323 et
1102 1279 1316 1324 libertate
1380 1295 1491 1325 vera

289 1356 553 1414 eloquentia
618 1356 677 1400 ad
735 1355 974 1400 interitum
1026 1356 1258 1414 vergebat.
1343 1354 1491 1409 Quam

286 1431 437 1476 tristis
502 1430 803 1486 Quinctiliani
852 1446 963 1476 aevo
1012 1431 1152 1475 fuerit
1201 1433 1489 1491 eloquentiae

286 1508 511 1559 conditio,
545 1507 716 1553 diserte
743 1508 875 1552 docet
896 1507 1107 1566 Laharpe
1122 1508 1170 1551 in
1188 1523 1326 1566 opere
1342 1506 1487 1567 Isyce'e,

284 1592 392 1629 tom.
426 1587 476 1636 2,
511 1585 613 1629 init.
652 1582 740 1629 Hic
771 1599 883 1630 vero
915 1586 1053 1644 longe
1086 1584 1353 1644 aequalibus
1386 1587 1487 1631 suis

282 1663 565 1720 praecellens
584 1661 739 1707 studio
757 1668 802 1707 et
818 1662 1058 1721 diligentia
1073 1664 1356 1720 palmarium
1368 1678 1487 1722 opus

282 1739 340 1784 de
387 1739 615 1783 rhetorica
663 1741 929 1798 composuit.
1007 1737 1059 1783 ln
1090 1738 1385 1784 describenda
1416 1742 1485 1784 in-

283 1815 548 1868 stitutione,
592 1832 733 1875 quam
777 1815 948 1860 oratori
987 1816 1146 1860 futuro
1179 1817 1485 1869 commendat,

282 1892 438 1936 ubivis
486 1892 610 1951 apud
658 1907 764 1937 eum
809 1894 989 1937 elucent
1021 1906 1158 1937 verae
1192 1892 1484 1951 eloquentiae

281 1969 522 2027 principia.
571 1967 783 2013 Imbutus
814 1970 876 2013 sit
909 1974 1063 2013 orator
1097 1969 1348 2021 dialectica,
1367 1984 1486 2028 quae

281 2046 411 2091 ducit
457 2045 515 2090 ad
548 2047 815 2098 veritatem,
849 2061 986 2105 quam
1018 2047 1068 2090 in
1100 2046 1292 2091 dicendo
1326 2061 1485 2105 sequa·

280 2130 384 2177 tur3
418 2112 599 2168 eluce'at
631 2123 680 2167 in
714 2125 924 2168 oratione
956 2123 1130 2167 bonum
1158 2129 1202 2167 et
1219 2124 1484 2178 honestum3

281 2198 481 2259 denique
513 2199 658 2243 tribus
690 2201 815 2244 hisce
849 2198 1000 2254 (vem,
1030 2200 1228 2258 pulchro
1245 2199 1482 2258 bonoque)

280 2283 378 2321 tota
425 2279 539 2332 τέχνη
581 2281 752 2332 ῥητορικὴ
800 2278 993 2321 nitatur.
1044 2274 1118 2320 Ex
1150 2275 1222 2319 his
1261 2281 1484 2336 tanquam

277 2354 487 2398 sontibus
518 2356 671 2398 omnia
704 2355 803 2412 ejus
832 2359 1083 2412 praecepta
1120 2352 1412 2406 derivantur,
1436 2361 1482 2398 et

275 2431 567 2492 gravissimis
600 2430 838 2477 sententiis
872 2427 1173 2485 Quinctiliani
1206 2428 1316 2475 libri
1343 2429 1480 2476 abun-

274 2509 398 2554 dant.
445 2505 578 2564 Quod
597 2515 643 2554 et
660 2508 739 2553 ille
756 2522 1086 2566 nonnunquam
1105 2509 1265 2567 pravis
1285 2509 1359 2551 sui
1377 2510 1479 2553 aevi
