1786 2956
891 312 946 354 32

314 463 455 505 quam
489 439 660 491 eximia
687 438 947 492 reverentia
974 453 1037 489 τοῦ
1065 451 1187 500 θείου,
1207 463 1310 491 cum
1328 446 1516 493 ardente

314 513 470 568 studio
505 524 710 566 animum
743 524 961 568 evehendi
1004 525 1061 568 ad
1106 540 1159 568 ea
1204 533 1324 583 quae
1358 524 1517 568 divina

315 607 437 644 sunt.
502 598 559 642 Et
592 605 746 642 tamen
797 615 936 658 quam
985 602 1120 660 longe
1169 591 1328 646 aber'at
1373 600 1430 645 ab
1465 616 1517 645 ea

314 693 465 722 rerum
509 677 774 720 divinarum
806 677 1018 728 scientia,
1053 692 1190 736 quam
1225 676 1516 723 Christianae

312 755 549 797 doctrinae
576 755 661 797 lux
694 753 996 812 sequentibus
1026 754 1255 799 aetatibus
1285 755 1519 799 ostendit?

312 829 496 882 Quanto
553 830 770 888 majorem
819 845 928 889 ergo
977 833 1072 874 vim
1121 837 1277 875 nostra
1325 831 1516 875 haberet

311 907 594 965 eloquentia,
625 908 687 959 si,
719 912 784 948 τοῦ
799 910 909 949 θείου
938 922 1090 952 amore
1120 907 1387 966 flagrantes,
1406 914 1514 952 ante

312 985 464 1027 omnia
496 991 773 1028 sectaremur
806 984 1018 1028 divinum
1045 991 1269 1043 tanquam
1287 999 1517 1029 summum

312 1062 603 1119 eloquentiae
647 1062 953 1119 principium3
1003 1068 1106 1105 tum
1150 1067 1273 1105 certe
1317 1061 1437 1105 illud
1467 1061 1514 1104 in

310 1137 499 1180 dicendo
528 1152 934 1195 consequeremur,
963 1143 1017 1181 ut
1049 1137 1190 1181 verba
1206 1143 1370 1181 nostra
1385 1139 1515 1181 velut
1543 1159 1548 1164 ·

308 1213 511 1257 viventia
544 1228 596 1256 ac
630 1213 856 1271 spirantia
889 1220 1056 1257 essent.

308 1316 310 1319 f
371 1288 505 1333 Hanc
530 1290 715 1347 quidem
732 1291 985 1347 perfectam
1003 1291 1294 1348 eloquentiae
1312 1291 1512 1347 speciem

307 1371 458 1410 mente
492 1367 737 1424 complecti
772 1363 954 1410 Socrati
986 1382 1081 1410 non
1113 1365 1269 1418 licuit,
1305 1372 1508 1411 attamen

310 1445 349 1486 si
384 1444 441 1487 ad
478 1443 580 1501 ipsa
611 1443 843 1501 principia
872 1443 1179 1494 attendimus,
1208 1458 1406 1501 quorum
1433 1443 1512 1487 ille

306 1525 543 1563 auctorem
587 1526 633 1563 et
677 1521 951 1578 magistrum
985 1534 1033 1563 se
1066 1520 1304 1577 praebuit,
1340 1534 1392 1563 ea
1425 1519 1510 1563 hac

306 1595 442 1638 etiam
491 1597 540 1638 in
588 1603 718 1653 parte
768 1596 984 1653 prodesse
1034 1598 1325 1653 aliquantum
1374 1596 1508 1639 nobis

304 1677 538 1730 poterunt.
579 1670 633 1715 In
662 1673 931 1716 memoriam
959 1672 1246 1724 revocemus,
1278 1687 1393 1731 quae
1411 1687 1446 1717 e.
1465 1688 1507 1733 g.

303 1751 350 1792 in
406 1748 579 1808 Gorgia
621 1751 755 1798 dicit,
792 1751 1040 1808 aliquando
1080 1766 1127 1794 se
1166 1758 1412 1794 venturum
1451 1752 1508 1794 ad

304 1825 514 1871 tribunal
542 1825 646 1878 Dei,
681 1841 870 1886 eamque
905 1826 962 1871 ob
997 1842 1184 1871 causam
1201 1828 1338 1872 malle
1357 1842 1404 1871 se
1421 1827 1509 1871 hac

302 1903 348 1946 in
387 1905 487 1947 vita
530 1904 703 1961 injuria
748 1904 867 1948 affici
913 1920 1051 1963 quam
1096 1905 1261 1948 afferre
1294 1904 1508 1961 injuriam

303 1986 384 2023 aut
431 1995 565 2039 agere
615 1982 690 2024 vel
740 1980 891 2025 dicere
929 1981 1204 2040 quidquam,
1250 1981 1373 2040 quod
1415 1996 1507 2024 non

302 2057 484 2115 placeat
518 2057 634 2112 Deo;
665 2083 728 2089 —
755 2074 875 2117 quae
903 2059 952 2102 in
969 2057 1200 2118 Apologia
1216 2065 1311 2102 tam
1327 2058 1509 2102 fortiter

302 2136 534 2192 loquitur,
594 2134 781 2178 oculum
843 2136 984 2179 animi
1034 2135 1278 2180 intendens
1333 2137 1382 2178 in
1431 2150 1505 2187 ea,

303 2226 443 2270 quae,
486 2212 737 2256 secundum
769 2213 918 2270 ipsius
953 2213 1253 2265 sententiam,
1289 2210 1375 2256 diis
1408 2214 1504 2270 pla-

301 2293 539 2338 ceant3--
567 2288 690 2344 quod
724 2287 923 2347 denique
958 2290 1140 2346 saepius
1175 2294 1416 2345 precatur,
1451 2294 1505 2331 ut

299 2365 349 2408 in
380 2364 533 2407 animo
563 2379 647 2408 suo
677 2366 829 2409 alatur
858 2370 922 2407 τοῦ
947 2368 1055 2408 θείου
1080 2379 1231 2419 amor,
1256 2365 1335 2424 qui
1351 2365 1503 2424 ipsum

299 2448 433 2502 regat
484 2439 736 2494 dicentem,
794 2448 1028 2502 agentem,
1089 2448 1378 2502 mentemque
1444 2442 1504 2488 ad

257 2518 261 2521 ’
298 2525 457 2564 sancta
491 2526 537 2564 et
572 2518 733 2564 divina
764 2521 937 2565 evehat.
973 2519 1046 2565 Ita
1076 2522 1261 2579 saepius
1281 2518 1500 2566 Socrates.
