1786 2956
872 313 929 355 74

293 446 453 489 futura
507 447 646 499 est?),
700 460 881 491 necesse
937 446 1021 490 erit
1068 445 1314 491 habeamus
1363 450 1499 502 τέχνην

292 521 348 566 iis
391 522 633 567 fundatam
674 521 935 582 princip-iis,
961 532 1181 581 'quorum
1220 538 1306 582 ope
1354 523 1499 582 magis

293 600 530 659 magisque
584 600 643 643 ad
701 600 896 657 perfecti
955 601 1154 643 oratoris
1211 601 1405 644 formam
1453 606 1499 643 et

294 676 490 733 speciem
524 675 740 720 accedere
774 676 910 720 nobis
945 676 1197 734 contingat.

354 750 634 811 Magnopere
656 751 802 811 igitur
829 750 1081 796 dolendum
1097 758 1188 807 est,
1207 751 1498 810 disciplinam

291 829 411 871 hanc
463 829 635 872 nostris
684 827 967 887 temporibus
1026 827 1282 888 neglectam
1330 829 1497 886 jacere.

292 902 463 957 Quaeri
497 911 654 949 autem
677 906 835 963 possit,
865 904 903 949 si
931 905 1256 950 restitueretur
1280 907 1330 949 in
1347 907 1498 949 locum

289 981 592 1024 honorificum
643 995 778 1039 quem
826 988 962 1025 antea
994 990 1151 1026 tenere
1183 982 1382 1033 solebat,
1416 982 1498 1025 ubi

291 1072 345 1101 ea
361 1058 582 1102 tradenda
615 1059 698 1108 sit,
732 1060 781 1101 in
813 1060 1064 1117 gymnasiis
1082 1074 1141 1102 an
1159 1060 1207 1101 in
1226 1057 1499 1102 academiis?

290 1134 394 1178 Non
412 1140 482 1177 est
504 1135 712 1192 profecto
724 1170 734 1186 ‚
753 1140 806 1178 ut
822 1135 907 1179 hac
925 1141 1024 1178 arte
1046 1134 1315 1178 imbuantur
1330 1149 1496 1193 puero-

290 1225 395 1254 rum
433 1211 602 1265 animi,
636 1210 716 1268 qui
748 1211 796 1254 in
824 1212 973 1269 primo
1006 1212 1140 1269 quasi
1172 1211 1332 1254 limine
1364 1210 1494 1254 disci-

290 1288 529 1345 plinarum
576 1292 752 1332 stantes
806 1302 890 1332 nec
939 1288 1063 1332 clare
1111 1287 1369 1346 perspicere
1411 1302 1497 1332 nec

289 1362 434 1422 probe
454 1362 843 1422 comprehendere
860 1368 1054 1422 possunt
1069 1378 1228 1408 veram
1243 1364 1495 1408 rhetorices

289 1441 388 1483 vim
420 1445 465 1483 et
495 1439 720 1490 indolem,
754 1453 873 1497 quae
905 1444 975 1483 tot
997 1445 1042 1483 et
1063 1446 1297 1484 tantarum
1321 1441 1496 1483 artium

290 1515 455 1561 studiis
500 1516 680 1560 nititur.
751 1512 988 1570 Quomodo
1033 1521 1189 1560 autem
1233 1517 1494 1574 exspectari

289 1592 442 1652 possit,
482 1599 534 1636 ut
561 1592 714 1652 pueri,
747 1591 953 1635 nondum
985 1607 1172 1651 operam
1205 1591 1367 1636 dantes
1401 1592 1492 1636 elo-

291 1671 530 1728 quentiae,
560 1669 659 1726 ejus
689 1670 805 1712 artis
833 1668 1011 1713 theoria
1039 1668 1362 1714 delectentur?
1383 1666 1494 1722 Qui-

289 1746 488 1790 busnam
497 1745 644 1804 igitur
659 1744 889 1789 rhetorica
904 1744 1152 1788 tractanda
1165 1745 1285 1788 erit?
1303 1743 1335 1788 J
1336 1746 1494 1789 uveni-

289 1822 408 1867 bus?
456 1821 562 1867 Non
611 1828 678 1866 est
717 1821 857 1880 hujus
890 1822 980 1866 loci
1013 1828 1059 1866 et
1092 1836 1217 1866 meas
1252 1828 1494 1880 superaret

288 1898 410 1943 vires
441 1899 561 1942 hanc
593 1899 905 1957 quaestionem
954 1897 1195 1953 dirimere,
1227 1913 1347 1956 quae
1381 1912 1492 1941 sane

288 1990 382 2019 non
409 1975 584 2019 nullius
620 1976 708 2018 erit
740 1976 979 2026 momenti,
1014 1976 1054 2019 si
1084 1974 1270 2033 quando
1289 1975 1493 2026 eveniet,

288 2057 342 2096 ut
373 2051 604 2101 rhetorica
635 2049 790 2095 denuo
825 2050 994 2096 efficiat
1026 2057 1206 2109 partem
1232 2050 1495 2095 liberalium

288 2127 564 2171 studiorum.

351 2203 459 2248 Alia
491 2204 697 2262 quaestio
731 2207 819 2247 est:
848 2217 965 2261 quas
983 2209 1140 2261 partes
1174 2203 1495 2261 complectitur

287 2280 547 2325 rhetorica?
594 2279 897 2339 Inspiciamus
931 2294 1046 2338 opus
1074 2280 1367 2324 notissimum
1383 2276 1434 2324 G.
1451 2277 1495 2326 J.

293 2357 464 2407 Vossii,
507 2358 665 2415 magni
708 2356 922 2414 inprimis
967 2357 1079 2406 viri,
1115 2355 1251 2400 etiam
1299 2357 1355 2400 de
1407 2358 1493 2400 hac

288 2432 532 2492 disciplina
596 2434 768 2491 optime
831 2432 998 2477 meriti.
1076 2430 1186 2490 Ejus
1249 2439 1492 2492 praecepta

288 2511 527 2555 continent
555 2510 651 2554 fere
674 2510 845 2560 omnia,
870 2524 987 2567 quae
1004 2509 1229 2554 rhetorice
1248 2510 1490 2567 complecti
