1786 2956
913 284 968 325 29

345 420 402 463 ad
433 416 745 469 vinciendum,
763 417 800 461 si
828 420 1026 472 mulcta,
1045 418 1102 461 ad
1128 416 1394 461 solvendam
1412 417 1537 467 lianc,

345 497 383 539 si
416 496 601 547 exsilio,
631 493 690 539 ad
723 496 1053 547 exsulandum,
1088 495 1126 539 si
1153 501 1301 539 morte
1318 495 1538 552 denique,

344 573 400 616 ad
443 572 745 624 moriendum,
778 572 872 631 ipse
909 574 1085 631 primus
1119 578 1353 616 accusator
1387 578 1433 615 et
1467 573 1539 614 sui

342 649 485 707 ipsius
504 653 547 692 et
565 654 819 692 ceterorum
828 648 1145 703 familiarium,
1157 664 1239 692 nec
1256 662 1448 706 parcens
1464 648 1520 690 iis
1533 681 1543 701 ,

344 725 422 768 sed
471 725 528 768 ad
569 726 654 768 hoc
693 732 827 769 utens
861 728 1143 783 eloquentia,
1194 733 1249 769 ut
1297 725 1539 783 patefactis

341 801 575 844 maleficiis
616 800 841 845 liberetur
889 803 1092 845 maximo
1126 803 1268 857 malo,
1297 801 1537 859 injustitia.

341 878 412 921 Ita
460 879 683 929 dicamus,
732 878 864 929 Pole,
914 879 1101 921 annon?
1143 878 1260 922 Pol.
1327 878 1540 922 Absurda

341 955 547 1014 quidem,
587 952 821 1010 Socrates,
852 955 962 1000 mihi
997 955 1108 1000 haec
1140 954 1372 1007 videntur,
1410 970 1538 1016 prae-

340 1032 503 1090 gressis
551 1038 704 1075 tamen
752 1032 880 1075 haud
912 1032 1049 1075 dubie
1082 1033 1316 1089 quadrant
1351 1033 1540 1089 (quibus

340 1108 617 1168 praegressis
646 1108 744 1167 ipse
770 1108 911 1153 Polus
944 1124 1150 1153 assensus
1185 1112 1320 1163 erat).
1386 1107 1538 1155 Socr.

340 1184 498 1244 Itaque
547 1187 622 1227 vel
672 1186 754 1228 illa
802 1185 1119 1244 redarguenda
1162 1193 1272 1229 sunt
1320 1188 1395 1229 vel
1430 1186 1538 1229 haec

341 1268 674 1319 consequantur
718 1276 903 1305 necesse
947 1267 1014 1304 est
1089 1261 1203 1305 Pol.
1239 1260 1358 1306 Sane
1390 1262 1455 1306 ita
1490 1277 1537 1306 se

341 1338 479 1396 habet
518 1340 576 1390 1).

403 1414 457 1459 In
507 1415 732 1475 colloquio
782 1415 906 1474 quod
948 1415 1161 1475 deinceps
1195 1416 1403 1474 sequitur
1437 1430 1538 1459 cum

341 1491 536 1544 Callicle,
551 1508 603 1536 eo
627 1492 770 1536 tendit
789 1490 985 1536 Socratis
1003 1495 1150 1536 oratio
1163 1530 1172 1544 ,
1191 1499 1242 1536 ut
1261 1494 1538 1537 demonstret

339 1585 521 1615 necesse
570 1584 663 1614 esse
728 1570 1037 1628 eloquentiam
1086 1570 1134 1613 in
1184 1585 1236 1614 eo
1276 1571 1452 1614 versari
1483 1578 1538 1613 ut

339 1647 544 1690 homines
579 1662 713 1705 quam
746 1646 940 1703 optimos
973 1646 1156 1697 reddat,
1191 1646 1401 1705 cogitque
1437 1645 1537 1691 Cal-

339 1724 489 1767 liclem
517 1724 733 1776 confiteri,
767 1723 1073 1782 eloquentiam
1105 1725 1191 1768 tali
1225 1725 1375 1768 nisam
1413 1723 1537 1782 prin-

341 1801 459 1859 cipio
494 1800 761 1859 aequalibus
795 1802 886 1844 suis
908 1801 1084 1852 deesse,
1117 1801 1279 1844 horum
1304 1802 1426 1843 enim
1448 1802 1536 1844 elo-

341 1878 577 1936 quentiam
595 1880 849 1936 comparari
866 1893 999 1937 posse
1018 1893 1123 1921 cum
1145 1884 1242 1921 arte
1260 1877 1539 1932 tibicinaria‚

341 1956 644 2006 citharistica,
709 1956 784 1998 vel
850 1970 952 1999 cum
1003 1954 1126 2014 poe'si
1178 1954 1536 2014 dithyrambica,

339 2032 534 2091 tragica,
569 2047 684 2091 quae
709 2039 830 2077 artes
865 2047 1020 2076 omnes
1037 2047 1130 2074 non
1148 2031 1233 2074 nisi
1250 2033 1537 2089 voluptatem

341 2110 542 2168 aliquam
589 2114 843 2164 sectentur-3
885 2114 1025 2167 atque
1074 2106 1210 2151 talem
1259 2107 1401 2151 fuisse
1445 2109 1535 2152 elo-

341 2188 580 2243 quentiam
629 2185 969 2235 Themistoclis,
1018 2182 1244 2239 Cimonis,
1294 2183 1535 2235 Miltiadis,

339 2261 552 2315 Periclis,
588 2278 783 2322 quorum
816 2278 897 2323 per
932 2263 1251 2322 eloquentiam
1275 2263 1395 2306 cives
1420 2278 1533 2305 nun-

341 2354 474 2398 quam
512 2341 723 2385 meliores
756 2342 868 2386 facti
902 2342 1008 2385 sint.

384 2515 414 2554 1)
439 2513 544 2556 Gorg.
568 2524 601 2556 p.
625 2514 699 2545 480.
