1786 2956
852 265 907 306 24

659 402 753 451 §3.
819 400 898 443 De
945 400 1091 443 bono.

343 547 440 592 Duo
481 551 578 606 jam
620 552 869 594 statuimus
903 552 1196 609 eloquentiae
1230 553 1472 610 principia.

283 621 399 668 llaec
422 632 573 669 tamen
597 628 638 669 ei
656 641 746 668 non
764 627 1017 669 sufficiunt.
1052 626 1133 670 Uti
1152 628 1273 670 enim
1289 628 1474 683 veritas,

280 715 412 758 quam
446 700 577 744 homo
610 708 764 745 mente
791 702 1081 760 perspexerit
1104 709 1150 746 et
1173 709 1272 746 tum
1292 703 1476 747 demum

272 779 412 819 animi
455 778 610 820 studio
656 785 700 821 et
749 793 902 821 amore
948 780 1188 836 amplexus
1233 780 1311 829 sit,
1359 783 1474 836 (quo

270 853 411 897 animi
456 854 761 911 pulchritudo
806 854 1008 899 efficitur
1021 858 1053 907 ,)
1088 870 1181 897 non
1216 855 1389 898 sufficit
1421 861 1476 898 ut

267 931 415 974 vitam
462 938 570 990 agat
617 947 727 978 vere
761 933 969 983 vitalem,
1015 931 1077 975 sic
1116 931 1255 976 etiam
1288 938 1474 990 praeter

268 1007 361 1050 duo
402 1008 485 1051 illa
519 1008 809 1067 eloquentiae
842 1010 1076 1067 principia
1108 1011 1296 1053 tertium
1329 1008 1475 1052 adhuc

267 1085 535 1141 requiritur.
586 1082 981 1138 Quemadmodum
1009 1085 1056 1128 in
1086 1084 1267 1128 homine
1290 1085 1475 1128 accedat

267 1176 450 1204 necesse
484 1167 578 1215 est,
611 1168 666 1205 ut
701 1163 949 1206 veritatem
982 1163 1029 1205 in
1062 1163 1302 1205 hominum
1335 1163 1473 1205 socie-

266 1244 413 1280 tatem
444 1239 653 1296 proferat
683 1245 728 1281 et
758 1238 815 1281 ad
839 1240 964 1282 vitae
994 1238 1220 1282 actionem
1236 1238 1473 1286 traducat,

267 1314 393 1363 haud
434 1330 563 1361 secus
601 1316 863 1374 eloquentia
896 1317 1087 1360 tertium
1118 1316 1315 1374 requirit
1347 1315 1472 1374 prin-

267 1393 456 1451 cipium,
493 1393 618 1451 quod
651 1399 719 1436 est
751 1398 792 1433 τὸ
820 1396 989 1444 ἀγαθόν.

332 1468 416 1514 Est
450 1477 606 1514 autem
623 1474 665 1512 τὸ
692 1473 844 1521 ἀγαθόν
874 1470 988 1514 nihil
1019 1470 1145 1514 aliud
1174 1472 1266 1515 nisi
1296 1485 1471 1521 verum,

271 1548 396 1604 quod
426 1549 551 1604 quis,
586 1554 834 1604 postquam
863 1547 982 1593 illud
1011 1549 1149 1604 plane
1167 1548 1409 1604 perspexit
1427 1553 1471 1589 et

265 1762 402 1805 dialogo
438 1762 679 1805 quaestionem
708 1765 852 1796 tractat:
884 1762 1016 1795 indicat
1039 1773 1144 1806 quam
1167 1761 1316 1795 difficilis
1339 1762 1385 1795 sit
1407 1762 1473 1795 dis-

265 1821 409 1863 quisitio
434 1820 477 1853 de
502 1820 669 1863 pulchro,
694 1824 731 1854 et
754 1832 843 1864 quae
866 1820 1007 1864 pulchri
1030 1820 1253 1853 definitiones
1280 1820 1472 1853 secundum

263 1879 373 1922 ipsius
398 1880 608 1913 sententiam
629 1879 878 1923 improbandae
901 1879 971 1912 sint
994 1880 1037 1918 1).
1083 1878 1220 1923 Quodsi
1252 1879 1473 1922 propositum

263 1936 350 1969 mihi
372 1937 497 1970 fuisset
521 1937 603 1971 data
627 1948 734 1981 opera
757 1937 935 1980 inquirere
959 1937 996 1970 in
1017 1937 1196 1970 notionem
1208 1936 1358 1980 pulchri,
1370 1936 1473 1979 plura

261 1998 356 2027 certe
378 1995 583 2034 attulissem,
596 1998 703 2039 atque
723 1995 860 2028 diversa
878 1995 1037 2028 Platonis
1049 1994 1144 2027 dicta
1153 1994 1190 2026 in
1202 1997 1354 2042 systema
1365 1994 1472 2037 quod·

262 2053 342 2086 dam
353 2053 513 2097 redigere
526 2057 672 2087 conatus
686 2065 813 2087 essem:
831 2065 919 2097 opus
933 2053 1061 2087 dificile
1074 2053 1171 2097 quod
1180 2063 1275 2086 meas
1287 2052 1471 2086 excederet

262 2113 368 2144 vires!
381 2112 486 2144 Nunc
499 2123 582 2145 vero
595 2124 705 2155 quum
717 2123 855 2155 agerem
867 2112 911 2144 de
923 2112 1105 2154 principiis
1119 2111 1353 2154 eloquentiae,
1365 2114 1470 2154 atque

262 2174 317 2207 his
344 2175 609 2208 adnumerarem
630 2174 666 2208 τὸ
697 2175 807 2216 καλόν,
843 2186 962 2208 meum
1002 2177 1077 2207 erat
1108 2173 1264 2206 indicare
1294 2173 1470 2217 quomodo

261 2234 364 2267 Plato
411 2235 640 2268 vindicaverit
686 2235 753 2268 hoc
799 2235 1013 2279 principium
1050 2233 1285 2277 eloquentiae,
1318 2233 1361 2266 de
1397 2245 1469 2276 quo

259 2292 363 2339 plura
397 2304 501 2336 quam
541 2293 705 2336 equidem
739 2293 843 2326 citavi
879 2292 974 2335 apud
1010 2292 1127 2335 ipsum
1162 2301 1233 2324 non
1266 2295 1466 2324 occurrunt.

260 2351 357 2384 Haec
383 2362 465 2393 ergo
490 2351 645 2385 sufficere
669 2351 809 2385 debent.

291 2502 313 2528 11
334 2501 371 2525 Cf.
395 2501 432 2524 W.
452 2501 482 2524 G.
504 2501 678 2530 Tcnncmann,
700 2499 800 2531 system
811 2500 856 2524 der
872 2499 1052 2524 Platonischen
1070 2499 1241 2530 Philosophic.
1262 2500 1466 2531 Tom.4p.266.
