1786 2956
852 300 876 342 5

264 437 481 482 societate
524 434 687 479 habeat
727 449 872 478 sermo
921 450 977 479 ex
1012 436 1102 478 imo
1136 440 1317 493 pectore
1350 451 1453 492 pro-

264 514 480 557 ficiscens.

323 588 501 647 Itaque,
531 589 568 631 si
605 590 749 632 tantis
774 589 872 646 jam
904 588 1114 633 laudibus
1144 589 1453 646 eloquentiam

262 665 552 710 celebrarunt
595 671 784 719 veteres,
802 664 967 723 quibus
1000 680 1083 725 pro
1116 673 1250 724 parte
1274 671 1455 709 tantum

264 742 610 786 saluberrimam
633 742 730 798 ejus
759 742 851 785 vim
874 757 1117 800 agnoscere
1134 742 1279 797 licuit,
1293 743 1454 800 quanti

263 817 397 878 pretii
419 819 586 877 ipsam
631 818 869 862 aestimare
902 817 1030 862 decet
1062 834 1143 862 nos
1177 818 1454 862 christianae

264 896 473 939 veritatis
521 896 621 939 luce
662 896 955 939 illustratos?
1000 892 1132 947 Quod
1177 897 1216 938 si
1260 897 1326 939 ita
1364 902 1456 946 est,

262 971 500 1016 videretur
533 973 718 1015 omnino
752 971 1008 1030 probabile,
1039 973 1123 1015 hac
1155 973 1203 1015 in
1221 979 1352 1030 parte
1369 987 1455 1015 nos

223 1087 226 1092 ,
264 1049 322 1093 ab
355 1050 448 1093 illis
481 1049 597 1093 nihil
626 1048 858 1093 addiscere
881 1064 1032 1107 posse;
1051 1051 1331 1093 contrarium
1347 1065 1456 1093 vero

265 1125 455 1170 obtinet.
494 1122 741 1185 Oporteret
773 1140 879 1169 sane
900 1140 985 1169 nos
1008 1125 1187 1184 plenius
1220 1133 1266 1170 et
1289 1126 1455 1170 rectius

266 1217 402 1260 quam
455 1203 685 1246 veteribus
717 1218 981 1246 concessum
1014 1204 1125 1254 fuit,
1164 1205 1247 1246 illa
1285 1204 1455 1262 perspi-

265 1294 384 1332 cere,
407 1285 608 1324 attamen
632 1294 705 1323 res
722 1294 813 1322 non
829 1278 893 1323 ita
912 1294 960 1323 se
976 1279 1125 1324 habet.
1146 1277 1294 1333 Quare
1308 1315 1318 1335 ,
1338 1295 1454 1338 quae

265 1357 402 1399 nimis
445 1371 579 1414 saepe
617 1356 891 1414 negligimus
920 1356 994 1399 vel
1026 1356 1369 1411 obliviscimur,
1403 1372 1455 1400 ea

264 1434 469 1476 revocari
497 1432 628 1476 nobis
654 1433 703 1475 in
730 1439 930 1476 mentem
946 1440 1140 1490 possunt
1158 1432 1214 1476 ab
1235 1434 1348 1491 ipsis.
1361 1432 1454 1476 illis

263 1509 513 1563 veteribus,
547 1510 624 1567 qui
657 1524 742 1567 pro
777 1524 974 1560 summo,
1008 1524 1096 1567 quo
1142 1509 1454 1560 ducebantur,

265 1586 361 1630 veri
395 1601 565 1637 amore,
606 1587 770 1629 acriter
811 1601 907 1629 rem
938 1586 1295 1644 perspiciebant,
1336 1602 1455 1644 quac

264 1665 377 1721 ipsis
421 1665 731 1720 maximopere
780 1663 904 1707 cordi
938 1671 1061 1717 erat,
1095 1671 1149 1707 ut
1180 1664 1229 1707 in
1263 1666 1447 1707 illorum

264 1740 495 1789 doctrina,
528 1746 747 1797 tanquam
794 1739 842 1782 in
876 1742 1079 1798 speculo,
1123 1747 1300 1784 nosmet
1332 1741 1453 1798 ipsos

266 1818 441 1860 intueri
492 1816 639 1859 liceat.
713 1815 922 1859 Forsitan
969 1816 1139 1860 accidet
1177 1823 1227 1859 ut
1260 1816 1456 1860 subinde

265 1892 610 1944 erubescamus,
660 1893 699 1935 si
733 1907 839 1936 cum
871 1892 1055 1936 illorum
1088 1893 1322 1952 principiis
1354 1908 1456 1936 nos-

265 1977 386 2013 tram
418 1969 796 2013 consuetudinem
829 1984 1156 2027 comparemus.

327 2043 521 2091 Veteres
566 2060 706 2105 quum
750 2045 870 2097 dico,
910 2060 1021 2104 prae
1053 2046 1216 2090 ceteris
1248 2045 1456 2106 intelligo

266 2122 520 2175 Socratem,
554 2124 650 2182 qui,
668 2129 719 2166 ut
748 2119 901 2167 Cicero
930 2124 1018 2173 ait,
1038 2124 1239 2165 omnium
1258 2123 1456 2167 erudito-

264 2215 366 2244 rum
413 2200 700 2255 testimonio,
745 2200 978 2257 totiusque
1016 2199 1187 2257 judicio
1220 2197 1456 2250 Graeciae,

265 2291 404 2334 quum
437 2278 682 2336 prudentia
720 2283 816 2320 tum
849 2292 957 2320 vero
975 2277 1233 2334 eloquentia
1250 2279 1457 2321 omnium

264 2354 354 2398 fuit
385 2354 517 2399 facile
550 2355 756 2413 princeps
795 2352 851 2411 1).
917 2351 1052 2397 Hunc
1083 2353 1226 2412 igitur
1257 2370 1313 2398 cx
1344 2355 1457 2398 anti=

308 2522 338 2574 ’1)
363 2531 431 2564 Cio.
457 2531 499 2563 de
523 2532 618 2564 Orat.
643 2534 672 2564 3.
698 2534 747 2564 16.
