1786 2956
309 288 334 314 X
883 299 937 307 —.

309 402 415 441 etiam
463 405 567 442 libris
607 405 895 454 stsppeditandis,
937 406 1073 443 amilio
1113 407 1201 444 mihi
1225 407 1322 458 fuit.
1386 406 1510 456 Neque

309 471 474 520 iquorm,
503 472 712 512 amicissime
738 474 945 521 commilito,
967 488 1072 526 quam
1088 475 1235 514 multum
1258 476 1396 514 debeam
1418 487 1509 524 eqre-

305 540 380 587 qiis
416 541 623 579 lectionibus
659 542 863 593 eximiisque
889 543 1095 592 praecfftis
1122 543 1196 581 viai
1227 544 1313 582 σίων.
1345 555 1508 589 novum,

309 622 375 648 nec
391 614 604 661 quantopere
631 610 788 662 equidem
815 615 887 648 tum
914 612 978 648 hos
1005 611 1100 649 viros
1126 625 1286 659 venerer,
1311 618 1383 651 tum
1405 613 1510 652 etiam

309 677 423 715 virum
463 679 551 716 clar.
589 690 805 724 opzoonnm,
834 679 897 729 qui
925 692 1002 716 cum
1029 680 1190 717 discendi
1216 694 1366 718 amorem
1391 682 1430 719 in
1457 694 1511 719 me

308 745 420 792 abuit,
445 750 517 784 tum
539 746 694 784 studium
711 746 788 784 veri
797 775 809 793 ,
817 747 967 796 pulchri
980 760 1023 784 ac
1037 747 1119 786 boni
1140 747 1181 786 in
1193 761 1247 787 me
1264 749 1511 788 corroboravit.

313 814 417 863 Quod
439 827 520 853 vero
548 816 651 854 haud
673 816 763 854 mihi
790 815 954 865 contiqit,
981 829 1081 854 semis
1107 821 1215 867 atque
1235 822 1450 866 (nnmerum,
1471 824 1512 856 ut

306 883 517 922 utilissimas
539 885 814 936 frequentarem
845 884 1011 923 lectiones
1048 885 1205 923 virorum
1238 885 1511 924 clarissimorum

306 963 458 990 MILLms
486 956 520 991 et
546 964 660 990 mum.
670 982 680 999 ,
700 953 903 1005 causasuit
916 953 992 1001 ipse
1006 953 1202 991 studiorum
1214 966 1365 991 meorum
1379 966 1510 992 cursus.

359 1021 418 1060 Ex
450 1019 644 1071 theoloqiae
663 1022 948 1074 professoribus,
971 1035 1115 1074 quorum
1128 1034 1301 1061 enumero
1323 1035 1436 1072 πηοεν
1454 1022 1512 1061 vir

305 1090 394 1128 clar.
412 1102 531 1128 VINKE
549 1094 658 1129 morte
685 1095 824 1140 ereptus
857 1095 929 1136 est,
947 1091 1087 1140 qratias
1109 1090 1279 1128 maa-imas
1301 1090 1404 1128 debeo
1422 1090 1511 1129 viris

307 1158 518 1197 clarissimis
543 1162 579 1196 et
599 1159 796 1208 plurimum
823 1159 1033 1197 venerandis
1059 1170 1219 1197 Bonum
1238 1163 1273 1197 et
1299 1170 1371 1196 ‘rm
1384 1171 1510 1205 mn,

304 1239 375 1265 non
400 1227 516 1265 minus
534 1239 606 1277 pro
620 1227 831 1278 fructibus,
860 1240 945 1279 quos
975 1240 1018 1265 eac
1045 1240 1161 1266 eorum
1188 1227 1412 1265 institutione
1425 1240 1511 1277 per-

260 1311 262 1313 ·
305 1295 404 1346 cepi,
425 1309 530 1347 quam
543 1310 616 1346 pro
639 1296 882 1343 humanitate,
906 1310 976 1348 qua
1003 1301 1147 1348 uterque
1169 1310 1350 1335 eorwmme
1364 1297 1510 1347 excepit.

357 1364 542 1416 Denique,
562 1378 652 1416 quae
674 1379 698 1403 a
721 1365 874 1415 sinqulis
886 1366 1176 1415 praeceptoribus
1200 1365 1337 1415 accepi,
1361 1369 1446 1405 sunt
1468 1378 1510 1403 ea

304 1434 493 1485 ejusmodi,
537 1437 579 1472 ut
620 1435 721 1472 haud
757 1434 866 1472 sciam
907 1447 954 1472 an
980 1435 1111 1486 juveni
1137 1433 1283 1472 meliora
1310 1434 1510 1483 continqere

295 1502 449 1553 possint.
510 1503 657 1541 Gratum
693 1502 742 1540 iis
783 1503 937 1541 animum
965 1507 1154 1552 praestare
1192 1515 1323 1552 semper
1350 1507 1509 1542 sanctum

304 1571 392 1610 mihi
419 1572 489 1610 erit
516 1571 691 1623 officium!

361 1640 433 1686 Pu,
477 1639 703 1679 dilectissime
740 1652 816 1678 vm
854 1650 994 1687 omme,
1014 1653 1148 1690 perqas
1176 1639 1336 1678 amicitia
1364 1644 1428 1679 tua
1453 1653 1507 1679 me

304 1722 451 1747 ornare.-
477 1708 570 1747 idem
597 1721 730 1759 semper
757 1709 844 1747 mihi
870 1722 1031 1755 maneas,
1060 1709 1122 1760 qui
1135 1709 1278 1762 suisti,
1295 1722 1399 1761 quum
1421 1708 1507 1748 Tra-

297 1778 384 1828 iecti
418 1779 469 1817 ad
501 1779 665 1817 Rhenum
682 1778 925 1828 pulcherrim
953 1778 1135 1817 amicitiae
1162 1779 1304 1818 vinculo
1333 1778 1509 1830 conjuncti

303 1859 441 1885 eramus
449 1863 466 1892 ;
502 1859 562 1896 eqo
600 1859 643 1885 ea·
678 1847 802 1885 intimo
829 1850 976 1896 pectore
1004 1851 1038 1885 te
1065 1848 1183 1885 eadem
1211 1848 1322 1885 colam
1349 1846 1509 1884 amicitia

303 1920 338 1954 ct
362 1915 454 1966 fide.
523 1915 762 1967 Quaecumque
798 1915 865 1954 tibi
898 1914 1084 1961 accidant,
1126 1928 1187 1954 seu
1214 1916 1311 1954 laeta
1334 1915 1409 1954 sint
1435 1914 1509 1952 sive

302 1985 472 2031 adversa,
510 1984 655 2022 amicum
694 1988 733 2022 tu
768 1997 821 2022 me
861 1983 1002 2022 habebis
1037 1997 1169 2033 semper
1207 1984 1273 2022 tibi
1317 1982 1507 2022 addictum.

309 2053 450 2092 Utinam
486 2058 521 2093 et
557 2052 623 2092 tibi
658 2058 693 2092 et
733 2053 858 2092 ceteris
884 2052 1194 2100 commilitonibus,
1231 2052 1432 2105 quibuscum
1468 2051 1506 2090 in

302 2122 369 2159 hac
404 2123 499 2159 alma
537 2122 725 2159 Musarum
761 2123 843 2160 sede
870 2118 990 2159 dulces
1020 2134 1132 2159 annos
1151 2122 1298 2171 pereqi‚
1325 2120 1442 2159 munia
1469 2119 1509 2157 in

298 2193 475 2240 posterum
504 2190 641 2243 fausta
668 2190 859 2230 eveniant!
895 2190 1002 2237 Vale,
1029 2190 1086 2229 vir
1106 2189 1394 2242 ,conjunctissime
1403 2204 1420 2235 ;
1448 2200 1508 2237 eqo

302 2259 357 2296 tui
385 2263 639 2310 ceterorumque
666 2260 842 2297 sodalium
865 2273 933 2308 per
962 2264 1070 2297 totam
1097 2260 1207 2297 vitam
1233 2272 1359 2297 memor
1387 2258 1472 2295 ero!

305 2357 458 2409 Trajecti
485 2359 535 2396 ad
560 2359 740 2405 Rhenum,
768 2360 802 2397 d.
832 2370 939 2397 xxvn
967 2373 1009 2396 m.
1039 2359 1262 2404 Novembris,
1289 2366 1507 2395 uncccnxn.

775 2505 1029 2528 ——00228‡‹›0—-—
