1786 2956
829 323 885 366 41

353 459 448 504 Nec
477 458 590 511 rude,
626 457 730 516 quid
746 459 889 516 possit,
920 457 1035 503 video
1067 457 1277 517 inyem'um
1310 456 1367 516 1).

323 540 438 583 Φύσις
459 534 708 578 excolenda
739 541 809 578 est
835 534 1096 592 disciplina,
1135 541 1188 577 ut
1225 536 1450 592 praecipit

263 610 485 656 Socrates.
529 610 596 656 De
628 613 712 656 hac
744 613 885 671 igitur
916 620 1049 670 parte
1083 610 1296 670 deinceps
1327 610 1449 656 vide-

262 701 400 730 amus.

816 854 901 903 §a

650 966 731 1010 De
779 966 1052 1010 doctrina.

323 1070 523 1117 Scientia
551 1074 749 1117 oratoris
782 1074 968 1133 proprie
995 1072 1169 1132 duplex
1199 1079 1287 1127 est,
1310 1075 1452 1118 altera

258 1165 431 1202 rerum,
471 1152 618 1195 altera
661 1152 775 1195 artis
820 1152 1070 1202 oratoriae,
1105 1165 1303 1209 quarum
1335 1150 1450 1195 hanc

259 1227 492 1271 dialectica
508 1229 598 1272 niti
615 1227 780 1272 debere
792 1227 840 1270 in
856 1226 1067 1272 Phaedro
1084 1226 1288 1272 Socrates
1301 1234 1449 1272 osten-

260 1303 353 1356 dit3
393 1299 452 1347 'de
496 1309 583 1361 qua
617 1303 801 1361 quidem
833 1304 880 1346 in
913 1305 1123 1361 sequenti
1155 1309 1285 1361 parte
1319 1319 1448 1347 accu-

260 1380 410 1423 ratius
428 1379 588 1423 dicam.
618 1376 719 1432 Quo
735 1379 906 1436 majore
923 1385 1073 1423 autem
1089 1394 1245 1424 rerum
1260 1380 1453 1423 scientia

259 1454 498 1512 praeditus
559 1456 647 1498 erit
700 1461 856 1498 orator
911 1461 957 1498 et
1017 1469 1108 1513 quo
1156 1457 1352 1499 interius
1401 1458 1450 1499 in

257 1530 571 1575 doctrinarum
605 1529 797 1590 adytum
821 1532 1160 1589 penetraverit,
1190 1544 1243 1576 eo
1282 1531 1448 1575 melius

258 1622 397 1664 opere
441 1621 523 1650 suo
567 1622 620 1650 ac
661 1621 853 1650 munere
890 1608 1122 1665 fiangetur.
1189 1605 1365 1659 Quodsi
1398 1623 1451 1651 eo

256 1698 398 1741 usque
440 1683 684 1741 procedere
715 1683 892 1735 liceret,
927 1688 977 1727 ut
1001 1684 1121 1740 jure.
1140 1683 1196 1728 de
1228 1698 1281 1728 eo
1314 1699 1444 1742 prae-

257 1758 396 1802 dicari
438 1764 614 1817 posset,
652 1759 776 1817 quod
814 1758 1072 1802 scholastici
1110 1759 1446 1818 gloriabantur,

260 1850 307 1879 se
356 1834 580 1894 quidquid
628 1835 787 1880 scibile
837 1841 906 1879 est
950 1835 1084 1887 scire,
1132 1834 1214 1879 hac
1259 1835 1447 1881 sanein

256 1916 387 1970 parte
429 1912 660 1969 perfectus
693 1917 847 1955 orator
880 1917 1011 1956 esset.
1076 1910 1130 1955 Id
1160 1926 1271 1955 vero
1304 1925 1448 1970 quum

255 1988 376 2031 vires
404 1989 625 2030 humanas
652 1994 853 2045 superet,
887 1993 1062 2042 tamen,
1097 2002 1366 2045 quacunque
1398 1988 1444 2031 in

259 2078 396 2107 causa
436 2068 590 2107 orator
633 2068 833 2107 rostrum
876 2063 1174 2107 conscendere
1216 2062 1345 2119 velit,
1390 2078 1448 2107 ne

259 2141 555 2200 aggrediatur
580 2154 676 2184 rem
697 2145 897 2184 tractare
918 2140 1005 2199 ipsi
1027 2141 1324 2199 incognitam,
1358 2140 1448 2184 nisi

258 2219 304 2260 in
364 2232 529 2277 graves
585 2223 630 2261 et
671 2217 823 2273 justas
871 2217 1166 2275 prudentium
1213 2217 1447 2262 incurrere

258 2294 371 2337 velit
402 2295 777 2352 vituperationes.

288 2365 456 2428 *Quod
504 2369 559 2413 de
621 2368 804 2415 Socrate
852 2370 958 2415 dicit
1007 2370 1280 2430 Xenophon‚
1347 2385 1448 2414 eum

304 2533 335 2575 1)
358 2532 425 2566 Ars
448 2534 539 2575 poet.
563 2532 627 2564 409
650 2542 700 2575 sq.
