1786 2956
865 272 921 315 56

286 409 414 451 latur
450 405 508 466 1).
530 405 838 454 Attendentes
866 423 1049 468 nempe,
1068 424 1208 468 quam
1229 408 1351 453 viam
1372 410 1487 454 clari

285 490 490 529 oratores
540 485 916 544 ingrederentur,
962 492 1009 529 et
1048 486 1486 540 animadvertentes,

221 613 227 615 κ
287 575 423 619 quem
437 560 496 605 ad
512 560 696 605 modum
713 560 783 605 illi
799 560 954 606 lucido
973 561 1303 622 cogitationum
1317 563 1486 615 ordine,

285 638 467 682 delectu
490 638 746 688 verborum,
765 644 871 695 apta
887 638 1114 682 divisione
1140 639 1233 682 vim
1261 640 1486 683 orationis

286 719 506 772 augerent
551 728 694 772 eoque
741 716 945 758 multum
983 721 1272 772 praestarent
1304 717 1485 766 ceteris,

283 804 482 847 quorum
521 789 666 833 oratio
698 789 850 834 nitore
883 791 965 833 illo
999 796 1046 834 et
1077 792 1253 834 lumine
1285 798 1498 850 careret,-

282 866 601 911 animadversa
643 873 863 911 notarunt
907 874 954 912 et
989 869 1292 926 collegerunt,
1329 874 1381 912 ut
1413 869 1485 912 his

281 944 494 988 instructi
526 943 733 1002 paratius
767 944 826 988 ad
858 944 1100 989 dicendum
1134 943 1416 989 accederent.

300 1019 302 1021 ’
343 1021 505 1080 Itaque
529 1023 650 1065 sicut
674 1022 764 1065 alia
797 1023 988 1081 quaevis
1013 1021 1208 1073 theoria,
1243 1024 1309 1066 ita
1332 1023 1483 1066 rheto-

280 1099 377 1142 rica
410 1112 592 1156 quoque
621 1098 804 1141 exstitit
841 1099 1179 1156 paullatimque
1215 1098 1412 1143 increvit
1440 1105 1485 1142 et

280 1181 416 1217 aucta
465 1180 544 1218 est.
622 1173 713 1217 Ars
748 1175 870 1218 enim
902 1180 1002 1217 tum
1035 1174 1218 1217 demum
1250 1176 1481 1225 nascitur,

278 1265 420 1309 quum
454 1265 528 1302 ea,
563 1265 683 1309 quae
705 1251 908 1306 ratione,
927 1265 1041 1307 usu,
1060 1252 1346 1310 experientia
1364 1250 1481 1296 didi-

277 1329 493 1379 cerimus,
514 1329 572 1372 ad
590 1334 762 1372 certam
778 1329 973 1371 formam
986 1334 1032 1372 et
1049 1327 1316 1373 methodum
1334 1328 1482 1388 redigi

276 1411 439 1464 coepta
473 1412 597 1450 sunt.
637 1405 731 1449 Nec
758 1405 924 1456 subite,
955 1405 1088 1463 quasi
1119 1420 1211 1449 uno
1230 1407 1420 1464 impetu,
1439 1412 1483 1449 et

279 1483 517 1525 invenitur
551 1487 597 1525 et
628 1482 892 1539 perficitur;
925 1481 1063 1525 habet
1088 1481 1225 1525 rudia
1247 1488 1293 1525 et
1311 1482 1481 1541 exigua

279 1559 437 1608 initia,
492 1556 724 1608 deflexus,
786 1572 985 1609 errores3
1036 1557 1284 1615 paullatim
1327 1564 1481 1602 autem

278 1635 546 1678 maturescit
596 1634 859 1692 sensimque
904 1648 957 1678 eo
990 1633 1141 1678 tendit
1173 1641 1228 1678 ut
1271 1649 1478 1678 consum-

277 1717 427 1755 metur
462 1717 507 1755 et
540 1711 598 1754 ad
630 1711 878 1769 perfectam
917 1712 1031 1754 artis
1056 1711 1247 1754 formam
1281 1711 1479 1755 accedat.

339 1785 477 1832 Haud
520 1789 666 1847 igitur
710 1788 951 1839 miremur,
985 1788 1025 1831 si
1059 1786 1184 1846 apud
1216 1787 1479 1840 Platonem,

279 1867 360 1925 qui
396 1867 531 1924 plane
579 1865 887 1924 intelligebat,
934 1879 1158 1922 quaenam
1205 1867 1298 1908 sint
1341 1880 1478 1909 verae

278 1943 510 2001 principia
569 1942 881 2001 eloquentiae,
940 1940 1225 1986 incunabula
1295 1947 1479 1987 tantum

279 2027 414 2077 atque
457 2018 711 2076 primordia
743 2021 995 2076 reperimus
1028 2021 1159 2061 illius
1188 2019 1478 2076 disciplinae,

278 2097 354 2141 cui
387 2096 679 2156 propositum
708 2101 796 2152 est,
831 2101 884 2141 ut
915 2097 1039 2141 viam
1071 2103 1296 2141 monstret
1324 2098 1381 2141 iis
1401 2099 1479 2155 qui

279 2174 525 2231 aliquando
569 2180 724 2216 rostra
769 2173 1039 2216 adscendere
1078 2173 1277 2233 cupiant.

323 2379 355 2421 1)
387 2377 513 2410 Graeci
534 2377 703 2410 vocabulo
726 2377 879 2422 ῥητορική
907 2375 1041 2419 duplici
1075 2385 1179 2408 sensu
1210 2377 1380 2415 utuntur,
1411 2376 1478 2409 elo-

278 2436 446 2480 quentiae
476 2446 601 2478 nempe
625 2438 661 2468 et
683 2436 768 2468 artis
794 2434 975 2468 oratoriae.
1022 2434 1196 2477 Deinceps
1219 2445 1287 2467 vox
1311 2435 1478 2466 Rhetorica

275 2495 469 2538 posteriore
493 2496 630 2526 tantum
654 2493 905 2535 significatione
930 2492 1090 2535 usurpari
1114 2491 1215 2525 solita
1238 2494 1300 2524 est.
