1786 2956
863 307 915 348 11

294 461 432 504 quam
465 444 655 490 laudare
684 444 783 503 quis
801 444 956 494 vellet,
974 441 1367 501 convenire11t'’l).
1399 442 1485 486 Ve-

295 537 397 565 rum
410 522 522 579 quid
532 523 670 580 plura
682 521 944 565 testimonia
957 522 1121 565 afferre
1134 535 1249 578 opus
1263 520 1357 564 est?
1375 521 1485 564 satis

295 598 415 643 enim
448 612 674 657 superque
717 598 847 657 quasi
892 596 1088 642 Socratis
1133 612 1212 640 ore
1257 595 1486 640 vindicavi

294 675 569 717 sententiam
616 689 756 733 supra
802 675 1014 733 positam:
1073 679 1113 716 τὸ
1141 676 1283 727 ἀληθὲς
1321 676 1487 731 prima-

294 752 415 795 rium
448 765 543 796 esse
561 750 725 796 debere
743 751 1028 811 eloquentiae
1045 753 1326 811 principium
1351 757 1485 809 atque

292 827 636 871 fundamentum
647 834 656 871 !

357 903 603 949 Videamus
636 904 864 963 deinceps,
898 904 1122 963 quomodo
1155 903 1364 949 Socrates
1399 906 1486 949 elo-

294 982 530 1040 quentiam
573 996 655 1025 suo
695 987 899 1039 tempore
940 981 1168 1040 vigentem
1212 997 1238 1025 a
1281 981 1487 1026 sordibus

294 1058 334 1102 ei
367 1056 720 1102 adhaerentibus
761 1057 956 1102 liberare
996 1063 1042 1102 et
1084 1072 1248 1117 puram
1296 1056 1487 1102 reddere

292 1141 484 1179 conetur
517 1150 543 1178 a
574 1135 701 1179 falsis
734 1134 1024 1193 opinionibus
1057 1135 1223 1193 quibus
1252 1134 1487 1178 nitebatur

293 1218 432 1270 atque
476 1212 533 1256 ab
575 1212 699 1255 inani
744 1213 894 1270 specie
937 1227 1072 1270 quam
1115 1212 1368 1256 venabatur
1401 1227 1486 1271 pro

292 1303 420 1340 ver03
470 1295 524 1331 ut
551 1288 634 1342 ita,
661 1288 787 1331 illius
815 1287 983 1338 ductu,
1013 1288 1068 1332 ab
1090 1290 1176 1331 hac
1199 1289 1333 1332 etiam
1355 1294 1486 1346 parte

293 1364 341 1409 id
397 1364 518 1423 quod
573 1363 773 1423 primum
832 1370 900 1409 est
949 1364 1233 1423 eloquentiae
1281 1364 1488 1410 officium

291 1442 585 1486 illustremus.
646 1439 925 1505 Evolvamus
969 1441 1118 1486 denuo
1161 1440 1395 1501 Gorgiam,
1442 1450 1488 1485 et

293 1518 455 1563 deinde
473 1519 707 1564 audiamus
725 1521 887 1579 quaein
902 1519 1106 1564 Phaedro
1124 1518 1253 1563 docet
1267 1517 1486 1564 Socrates,

360 1594 644 1640 »Secundum
688 1603 889 1640 vestram
931 1598 1227 1650 sententiam,
1277 1596 1387 1640 dicit
1431 1596 1488 1639 ad

291 1670 523 1733 Gorgiam,
564 1689 654 1718 non
700 1674 1003 1719 necessarium
1046 1680 1113 1719 est
1150 1674 1323 1718 oratori
1373 1666 1485 1718 scire

291 1764 362 1793 res
408 1752 557 1808 ipsas,
617 1751 842 1808 quomodo
890 1766 937 1795 se
973 1751 1193 1801 habeant,
1230 1751 1309 1794 sed
1346 1750 1484 1793 artifi-

293 1828 413 1870 cium
440 1826 626 1885 aliquod
656 1828 959 1886 persuasionis
990 1831 1174 1882 (μηχανήν
1204 1847 1290 1870 τινα
1318 1829 1487 1880 πειθοῦς)

292 1904 520 1949 invenisse
553 1912 752 1965 oportet,
783 1921 874 1966 quo
907 1906 1059 1951 insciis
1084 1908 1295 1951 videatur
1324 1906 1486 1950 melius

294 1998 366 2026 res
409 1983 524 2027 scire
567 1998 701 2041 quam
742 1985 879 2042 periti
932 1985 1027 2029 sive
1075 1986 1108 2030 ii
1140 1986 1219 2045 qui
1262 1991 1303 2026 τὸ
1346 1987 1486 2037 ἀληθὲς

295 2059 512 2118 cujusque
544 2061 614 2103 rei
642 2059 813 2103 norint’'
848 2060 907 2118 2).
957 2059 1082 2116 Quae
1126 2077 1264 2120 quum
1294 2060 1484 2121 Gorgias

295 2136 579 2194 approbavit,
602 2150 720 2188 mOX,
733 2144 786 2181 ut
803 2152 913 2181 suae
936 2138 1019 2181 sibi
1036 2139 1268 2183 facultatis
1281 2145 1327 2183 et
1341 2137 1486 2197 digni-

294 2212 400 2256 tatis
417 2213 641 2264 conscius,
667 2213 915 2258 exclamat:
944 2229 1119 2259 »nonne
1137 2215 1376 2273 praeclara
1400 2214 1487 2259 tibi

294 2304 365 2334 res
377 2289 571 2341 videtur,
590 2288 807 2345 Socrates,
828 2306 979 2336 omnes
996 2293 1080 2336 tali
1098 2292 1234 2336 modo
1251 2293 1433 2337 vincere
1444 2291 1486 2337 ?''

359 2473 369 2511 )
393 2482 425 2512 p.
451 2473 512 2504 199
534 2473 578 2508 A.

360 2532 369 2569 )
394 2528 500 2571 Gorg.
527 2541 558 2572 p.
583 2532 646 2562 459
671 2531 709 2563 C.
736 2531 779 2564 D,
