1786 2956
889 313 913 356 6

299 451 474 507 quitate
522 454 683 493 testem
726 447 967 499 adhibebo,
1013 462 1154 506 quum
1186 448 1297 492 mihi
1330 463 1495 508 propo-

296 525 463 569 suerim
517 525 573 568 de
619 525 879 581 eloquentia
921 524 1122 567 scribere
1157 531 1202 568 et
1237 526 1495 577 ostendere,

295 601 524 660 principia
553 600 724 658 quibus
751 600 937 644 nitatur
969 601 1102 644 nulla
1125 602 1218 644 alia
1242 616 1339 646 esse
1362 617 1495 661 posse

296 680 388 721 nisi
406 691 578 727 verum,
591 676 843 733 pulchrum
861 683 907 720 et
924 676 1111 731 bonum,
1128 683 1339 721 sanctum
1357 683 1494 736 atque

293 754 522 804 divinum,
566 754 605 796 si
647 766 811 798 revera
843 752 1005 796 futura
1054 753 1116 796 sit
1166 757 1395 807 ψυχαγωγία
1424 772 1492 802 τις.

295 827 465 874 Ordine
494 829 641 889 igitur
675 835 864 874 acturus
895 844 1018 873 sum:
1055 831 1095 873 1.
1130 828 1186 872 de
1219 843 1348 881 vem,
1372 832 1414 873 2.
1437 830 1493 873 de

293 906 509 965 pulchro,
546 909 585 951 3.
620 905 675 951 de
706 906 853 961 bon0,
888 909 929 950 4.
962 906 1019 950 de
1048 912 1204 950 sancto
1247 912 1292 949 et
1320 905 1491 950 divino.

293 982 503 1028 Conabor
536 986 622 1035 ita,
646 999 731 1043 pro
758 984 859 1028 mea
881 983 1047 1027 virium
1069 984 1296 1027 tenuitate
1310 1017 1321 1038 ‚
1340 989 1491 1027 osten-

294 1060 424 1111 dere,
475 1059 754 1118 quibusnam
786 1060 1024 1119 principiis
1058 1061 1343 1118 eloquentia,
1377 1074 1493 1118 quae

292 1138 476 1196 quidem
499 1138 649 1182 ubivis
674 1145 720 1182 et
748 1139 872 1181 omni
889 1144 1092 1195 tempore
1115 1139 1289 1193 valeat,
1305 1139 1491 1181 nitatur.

291 1213 464 1268 Quodsi
506 1215 586 1259 fiat
628 1220 684 1258 ut
721 1213 853 1258 labor
895 1228 1023 1258 meus
1070 1214 1304 1273 proposito
1335 1215 1491 1258 minus

289 1291 592 1350 respondeat,
637 1290 910 1335 consolabor
957 1305 1029 1334 me
1074 1306 1127 1335 eo
1177 1291 1301 1349 quod
1326 1290 1490 1349 juveni

291 1367 519 1428 quondam
552 1368 674 1413 dixit
698 1366 853 1413 Julius
880 1367 1068 1412 Florus:
1104 1383 1185 1413 »ne
1202 1368 1311 1426 quid
1327 1368 1491 1413 melius

293 1445 441 1491 dicere
471 1446 629 1499 (adde:
660 1452 704 1490 et
719 1445 939 1499 scribere)
958 1447 1072 1504 velis
1090 1461 1229 1504 quam
1245 1445 1411 1505 poteS.'’
1432 1448 1489 1502 1).

334 1627 364 1666 1)
389 1625 557 1667 Quinctil.
581 1625 698 1658 Instit.
723 1627 773 1657 10.
798 1626 834 1663 3,
859 1626 889 1657 3.
