1786 2956
720 850 919 894 CAPUT
967 851 1046 894 III.

418 1013 599 1045 ORATOR
633 1015 713 1045 VIR
746 1014 894 1046 BONUS
928 1015 1120 1046 DICENDI
1152 1013 1355 1045 PERITUS.

752 1166 1008 1192 -οοκζομ-

349 1317 469 1376 Ergo
500 1317 649 1375 posita
683 1319 775 1361 sint
808 1319 902 1361 tria
934 1319 1116 1361 haecce:
1135 1321 1259 1367 φύσις,
1285 1321 1477 1369 ἐπιστήμη,

286 1395 433 1446 μελετήε
463 1408 661 1451 quorum
690 1408 780 1452 quo
812 1394 957 1452 magis
992 1394 1092 1451 quis
1115 1409 1297 1451 compos
1315 1394 1480 1443 fuerit,

291 1485 343 1514 eo
375 1468 566 1529 propius
601 1469 746 1514 aberit
780 1469 836 1515 ab
864 1469 945 1513 illo
968 1469 1257 1529 eloquentiae
1285 1469 1480 1528 fastigio,

290 1563 381 1605 quo
414 1546 602 1590 tendere
635 1552 826 1605 oportet.
891 1545 1169 1590 Perdifficile
1202 1562 1311 1590 sane
1339 1562 1480 1604 opus3

289 1631 343 1666 ut
391 1638 483 1666 non
530 1623 793 1665 mirandum
826 1623 948 1680 quod
983 1621 1140 1666 Cicero
1173 1623 1229 1665 de
1261 1621 1479 1665 Romanis

288 1698 418 1743 dicit:
459 1700 588 1742 »volo
611 1699 731 1742 enim
759 1700 866 1742 sciri
883 1699 932 1742 in
948 1704 1079 1742 tanta
1112 1715 1164 1742 ac
1197 1705 1292 1742 tam
1324 1705 1479 1743 vetere

288 1774 527 1833 republica
577 1773 809 1827 (Romae),
854 1775 1068 1817 maximis
1123 1774 1334 1832 praemiis
1390 1777 1478 1817 elo—

288 1852 503 1908 quentiae
548 1849 820 1907 propositis,
865 1864 1018 1892 omnes
1075 1851 1258 1907 cupisse
1306 1849 1477 1900 dicere,

285 1943 379 1971 non
412 1928 638 1986 plurimos
672 1940 808 1971 ausos
823 1941 940 1981 esse,
970 1928 1174 1985 potuisse
1202 1925 1394 1985 paucos''
1414 1929 1475 1980 1).

285 2002 505 2047 Attamen
540 2004 633 2046 tria
660 2004 772 2046 haec
800 2003 837 2046 si
862 2004 965 2061 quis
993 2002 1184 2061 propria
1212 2002 1299 2046 sibi
1327 2003 1478 2047 dicere

284 2087 458 2139 posset,
486 2079 691 2125 nondum
723 2080 994 2124 sufficerent.
1058 2080 1256 2123 Accedat
1294 2087 1478 2137 oportet

286 2157 412 2208 illud,
442 2156 564 2214 quod
592 2161 714 2200 recte
750 2161 930 2199 veteres
965 2161 1242 2199 censuerunt
1274 2157 1478 2214 primum

286 2240 332 2278 et
375 2233 592 2278 ultimum
636 2248 733 2277 esse
775 2233 823 2275 in
858 2238 1057 2282 oratore,
1082 2238 1137 2275 ut
1169 2232 1257 2275 hoc
1293 2235 1479 2277 nomine

284 2324 447 2354 revera
478 2314 731 2355 mereatur:
768 2308 849 2352 »sit
882 2313 1037 2352 orator
1068 2308 1142 2351 vir
1173 2307 1355 2354 bonuS.''

349 2383 440 2438 Qui
485 2388 606 2431 enim
648 2387 750 2431 fieri
792 2386 941 2444 possit
985 2391 1059 2437 ut,
1094 2386 1217 2444 quod
1250 2387 1354 2445 quis
1387 2403 1478 2430 non

330 2551 361 2590 1)
384 2549 484 2581 Brut.
508 2550 568 2585 49;
593 2549 647 2581 cff.
671 2548 772 2581 Brut.
797 2549 855 2586 87,
880 2549 923 2581 de
947 2549 1042 2582 Orat.
1070 2550 1098 2581 1.
1124 2549 1181 2586 28,
1206 2549 1299 2581 Orat.
1327 2551 1356 2586 5,
1381 2550 1432 2582 29.

1239 2610 1294 2652 4*
