1786 2956
882 325 937 368 62

306 460 349 503 h.
381 475 414 503 e.
451 474 503 503 ea
531 473 649 517 quae
671 474 764 502 non
798 460 1036 503 continent
1070 462 1216 518 ipsam
1245 466 1311 513 τὴν
1342 462 1503 514 τέχνην,

306 537 387 581 sed
431 538 589 595 potlus
636 541 683 577 τὰ
721 541 792 589 πρὸ
830 542 895 587 τῆς
924 539 1057 590 τέχνης
1105 536 1189 594 l)?

367 612 633 676 Rhetorices
665 612 917 670 primordia
950 615 1204 670 reperimus
1237 616 1286 657 in
1322 612 1505 663 Sicilia,

306 689 386 732 ubi
419 687 716 747 Empedocles
749 688 927 747 primus
955 689 1067 740 fuit,
1097 691 1177 748 qui
1210 691 1328 733 hanc
1363 696 1506 733 artem

304 766 552 808 commovit
591 767 654 817 2).
719 765 862 809 Illum
904 767 1051 809 secuti
1097 773 1207 809 sunt
1272 764 1425 810 Corax
1460 772 1506 809 et

304 840 470 891 Tisias,
521 855 722 899 quorum
769 842 894 884 hunc
956 848 1024 892 τὴν
1056 845 1192 896 τέχνην
1243 848 1501 900 superstru-

303 920 427 962 xisse
460 925 513 972 τῷ
557 923 671 960 εἰκότι
705 917 913 963 Socrates
932 925 1134 963 testatur
1154 921 1216 971 3).
1252 917 1403 963 Tisiae
1416 918 1504 962 dis·

303 997 486 1053 cipulus
522 994 718 1055 Gorgias
747 995 998 1039 rhetorices
1027 994 1237 1039 studium
1264 996 1505 1039 transtulit

302 1073 351 1114 in
400 1070 659 1122 Graeciam,
714 1073 927 1130 magistri
979 1074 1171 1130 vestigia
1221 1077 1406 1115 secutus
1439 1074 1504 1123 4).

303 1145 515 1199 Graecia,
561 1149 760 1192 maxime
816 1146 1051 1199 Athenae,
1103 1147 1230 1192 sedes
1274 1147 1503 1192 libertatis

301 1223 579 1283 eademque,
630 1224 740 1269 dum
788 1223 1008 1269 libertate
1057 1240 1142 1268 usa
1194 1230 1285 1275 est,
1338 1225 1504 1268 nutrix

300 1301 589 1359 eloquentiae
619 1300 723 1354 (ubi
746 1302 870 1344 enim
904 1300 1094 1344 libertas
1127 1300 1274 1359 viget,
1309 1300 1374 1343 ibi
1401 1300 1501 1342 feli-

300 1377 478 1421 cissime
504 1378 640 1422 floret
664 1376 929 1436 eloquentia
947 1379 1016 1430 5),
1036 1392 1118 1435 per
1136 1375 1258 1421 illud
1276 1375 1498 1435 temporis

299 1453 524 1510 spatium,
566 1469 658 1511 quo
694 1453 753 1496 ad
785 1453 961 1511 gloriae
995 1454 1234 1511 fastigium
1266 1455 1498 1510 pervenit,

299 1530 342 1573 h.
364 1544 398 1572 e.
419 1546 445 1572 a
467 1544 624 1588 pugna
657 1528 782 1588 apud
815 1528 1134 1573 Marathonem
1152 1543 1300 1587 usque
1319 1529 1376 1572 ad
1394 1528 1498 1572 Ale-

297 1605 524 1648 xandrum
556 1620 794 1665 magnum,
824 1606 1052 1663 plurimos
1091 1604 1257 1649 habuit
1292 1606 1501 1662 eloquen-

298 1684 392 1725 tiae
437 1683 659 1733 cultores,
706 1684 785 1740 qui
819 1684 893 1726 vel
927 1682 1117 1726 dicendo
1151 1684 1226 1726 vel
1261 1682 1498 1725 scribendo

337 1941 370 1982 1)
394 1940 580 1983 Oomparat
609 1940 690 1973 illos
722 1940 881 1974 Socrates
912 1952 993 1973 cum
1022 1941 1082 1979 iis,
1114 1941 1177 1984 qui
1214 1941 1329 1974 sciunt
1353 1939 1394 1973 τὰ
1437 1939 1497 1985 πρὸ

293 2002 436 2047 ἰατρικῆς
475 1998 544 2042 ἀλλ’
575 2004 611 2036 οὐ
645 2003 686 2035 τὰ
721 2004 860 2047 ἰατρικά,
892 2003 933 2036 τὰ
969 2003 1030 2048 πρὸ
1064 2003 1260 2048 τραγῳδίας,
1298 2000 1367 2036 ἀλλ’
1395 2005 1429 2036 οὐ
1455 2004 1496 2036 τὰ

291 2067 449 2110 τραγικά,
496 2065 537 2098 τὰ
572 2064 633 2109 πρὸ
668 2066 841 2110 ἁρμονίας,
879 2063 950 2099 ἀλλ’
988 2068 1023 2099 οὐ
1059 2066 1099 2100 τὰ
1131 2067 1300 2111 ἁρμονικά.
1344 2067 1496 2101 Phaedr.

290 2135 323 2167 p.
348 2124 422 2157 268.

334 2183 366 2223 2)
391 2180 485 2214 vad.
517 2181 665 2225 Diogen.
702 2182 818 2215 Laert.
854 2185 883 2215 8.
919 2182 978 2221 57,
1010 2183 1137 2216 Sextus
1171 2183 1303 2226 Empir.
1341 2195 1374 2226 p.
1411 2183 1489 2222 370,

291 2239 460 2280 Quinctil.
485 2239 607 2272 Instit.
631 2239 726 2272 Orat.
752 2241 782 2273 3.
807 2242 837 2273 1.

333 2298 365 2338 3)
388 2296 538 2329 Phaedr.
562 2307 596 2339 p.
620 2296 685 2330 272
707 2296 756 2336 D,
781 2296 830 2336 E,
854 2297 918 2331 273
940 2298 983 2330 A.

332 2356 366 2397 4)
389 2355 538 2389 Phaedr.
562 2367 595 2399 p.
620 2355 684 2390 267
706 2356 749 2389 A.

332 2415 365 2454 5)
390 2412 454 2444 Off.
489 2413 535 2444 H.
564 2413 662 2445 Blair
695 2415 731 2445 in
764 2425 869 2457 opere
901 2416 1010 2446 Lessen
1040 2425 1110 2446 over
1132 2415 1170 2445 de
1192 2416 1489 2456 welwrekendkeid,

287 2473 370 2503 tom.
394 2469 454 2509 II,
479 2469 560 2513 Cap.
585 2470 628 2502 de
651 2470 797 2503 historia
820 2471 1059 2514 eloquentiae,
1082 2471 1117 2503 J.
1141 2471 1188 2504 Η.
1213 2482 1279 2504 van
1302 2471 1365 2504 der
1387 2472 1488 2505 Palm

287 2529 323 2560 in
347 2529 503 2561 oratione
531 2530 610 2561 Over
633 2530 670 2561 de
692 2530 975 2571 welsprekendheid
995 2542 1055 2562 van
1083 2531 1194 2563 Cicero.
