1786 2956
868 346 924 389 30

355 478 499 531 Haec.
550 496 669 539 quae
719 481 882 531 attuli,
934 482 990 525 ad
1022 482 1311 539 propositum
1343 495 1495 525 meum
1564 481 1566 483 ’

291 557 500 601 sufficere
550 557 760 601 arbitror.
827 555 979 601 Unum
1030 556 1195 602 addere
1237 557 1369 603 lubet
1403 558 1495 602 dic-

291 638 394 677 tum
413 632 685 683 ePhaedm,
721 632 801 676 ubi
833 630 1068 676 Socratem
1102 633 1316 678 audimus
1334 642 1496 692 aperte

291 709 354 753 Sic
382 710 744 767 praedicantem:
780 714 823 750 τὸ
840 714 910 763 γὰρ
933 712 1084 760 ἀγνοεῖν
1112 714 1214 763 ὕπαρ
1243 729 1282 752 τε
1311 716 1374 752 καὶ
1402 716 1494 765 ὄναρ

291 788 448 826 δικαίων
482 802 521 826 τε
544 789 606 825 καὶ
634 787 777 826 ἀδίκων
792 787 876 838 πέρι
893 789 956 826 καὶ
986 789 1113 827 κακῶν
1143 790 1206 826 καὶ
1231 788 1396 836 ἀγαθῶν
1429 791 1496 829 σῦκ

290 865 456 912 ἐκφεύγει
484 868 530 913 τῇ
550 861 714 913 ἀληθείᾳ
735 867 784 913 μὴ
805 864 871 903 οὐκ
900 864 1152 903 ἐπονείδιστον
1191 859 1286 904 εἶναι
1323 860 1381 919 1),
1397 864 1440 907 h.
1458 878 1494 907 e,

288 937 474 982 nullum
521 952 685 982 revera
732 938 883 995 majus
932 944 1000 982 est
1048 939 1224 983 homini
1268 938 1493 997 probrum

289 1029 430 1072 quam
459 1015 520 1065 si,
556 1029 637 1058 seu
675 1015 880 1073 vigilans
915 1029 995 1059 seu
1029 1014 1305 1066 dormitans,
1316 1015 1496 1073 justum

289 1097 335 1135 et
367 1091 615 1150 injustum,
650 1097 826 1135 rectum
860 1097 906 1134 et
938 1106 1138 1149 pravum
1170 1106 1284 1149 prae
1311 1090 1496 1136 inscitia

288 1167 552 1216 confundat.

351 1243 441 1299 Qui
488 1260 599 1291 vero
648 1247 784 1305 plene
829 1260 1102 1304 cognoscere
1148 1245 1303 1305 cupiat
1334 1243 1493 1292 Socra-

288 1329 382 1366 tem
414 1326 479 1365 τοῦ
492 1324 644 1373 ἀγαθοῦ
661 1323 946 1382 principium
979 1324 1155 1367 oratori
1182 1321 1494 1369 vindicantem

288 1414 374 1443 sua
422 1397 680 1443 disserendi
724 1404 824 1443 arte
857 1404 903 1443 et
937 1413 1040 1443 cum
1078 1413 1131 1443 ea
1164 1414 1258 1457 qua
1288 1397 1494 1458 pollebat

288 1476 441 1518 ironia
490 1490 542 1519 ac
586 1476 784 1529 δεινότητι,
819 1476 1001 1519 evolvat
1037 1472 1271 1533 Gorgiam,
1306 1490 1398 1534 quo
1430 1477 1492 1520 le-

287 1550 446 1610 gendo,
480 1566 618 1611 quam
639 1558 827 1610 pectore
844 1543 1106 1610 conceperit
1123 1551 1230 1596 boni
1248 1552 1492 1603 notionem,

288 1628 594 1683 confirmabit3
637 1628 764 1688 legat
807 1626 1105 1687 Apologiam‚
1157 1643 1275 1688 quae
1323 1627 1492 1673 eximio

285 1721 369 1749 nos
403 1706 535 1750 docet
584 1707 819 1764 exemplo,
870 1712 1157 1764 quantopere
1205 1705 1490 1765 eloquentia,

286 1796 402 1840 quae
449 1783 562 1825 nixa
618 1783 680 1826 sit
722 1782 913 1840 justitia
931 1816 943 1836 ‚
1004 1781 1235 1826 audientis
1289 1783 1492 1826 animum

285 1865 577 1917 permoveat3
609 1860 735 1918 legat
769 1857 1095 1910 Menexenum‚
1113 1858 1193 1903 ubi
1229 1857 1491 1917 exemplum

286 1936 565 1994 proponitur
596 1935 836 1995 popularis
866 1937 1160 1994 eloquentiae
1184 1938 1261 1989 (ut
1278 1935 1490 1981 omittam

284 2014 433 2057 multa
466 2013 558 2058 alia
592 2012 714 2072 apud
746 2012 987 2057 Platonem
999 2016 1031 2066 ‚)
1067 2012 1239 2071 quibus
1274 2011 1488 2072 perlectis

285 2095 521 2148 agnoscet,
555 2102 696 2149 quam
728 2089 929 2134 disertus
947 2091 997 2135 in
1013 2104 1152 2134 causa
1173 2095 1336 2134 nostra
1353 2089 1488 2134 testis

287 2166 348 2209 sit
380 2164 591 2210 Platonis
626 2164 853 2211 Socrates

329 2361 359 2401 1)
384 2358 447 2392 277
471 2358 521 2396 D;
547 2359 587 2391 cf.
613 2360 717 2392 etiam
741 2359 804 2393 278
827 2360 869 2397 A,
893 2360 933 2392 B.

757 2494 1014 2520 ——00220-{00—
