1786 2956
853 303 908 344 21

282 446 468 483 tantum
511 444 649 480 natus
690 439 771 488 sit,
817 439 951 480 unice
986 439 1186 479 animum
1220 437 1476 479 adverteret

282 516 338 559 acl
355 516 602 574 pulchrum
621 514 862 558 sensibile?
888 513 1003 566 Imo„
1029 530 1173 573 quum
1186 515 1477 557 velutincola

283 593 344 634 sit
377 592 624 649 utriusque
656 591 826 644 mundi,
859 593 992 641 νοητοῦ
1023 598 1068 635 et
1112 594 1315 642 αῖσθητοῦ,
1362 592 1478 633 nihil

283 670 331 711 in
362 669 500 710 terris
528 667 774 725 pulchrum
792 672 1028 713 aestimare
1052 674 1227 726 potest,
1245 668 1336 709 nisi
1355 667 1479 724 quod

282 759 374 787 non
407 750 584 803 pugnet
616 746 813 803 pulchro
847 746 1054 796 coelesti,
1096 744 1218 804 quod
1251 750 1478 803 congruat

282 829 386 864 cum
429 823 616 865 virtute.
681 821 885 866 Maximo
918 825 1064 881 igitur
1093 822 1199 878 jure
1248 822 1477 864 affirmare

281 896 413 941 nobis
426 896 568 948 licet,
608 895 862 949 Socratem,
911 913 1055 957 quum
1087 900 1129 937 τὸ
1172 896 1285 937 καλὸν
1318 897 1478 941 definit

281 975 488 1025 εὐρυθμίαν
503 980 548 1017 et
564 976 806 1026 εὐαρμοστίαν
816 1004 828 1021 ,
847 977 1026 1033 egregie
1042 977 1234 1018 Virtutis
1246 977 1479 1018 notionem

282 1051 562 1107 expressisse
600 1053 659 1103 1).
727 1048 849 1104 Quid
898 1053 1017 1096 enim
1067 1052 1195 1096 aliud
1240 1059 1309 1096 est
1351 1053 1477 1095 artis-

281 1128 425 1170 simus
459 1129 538 1171 ille
571 1143 802 1172 connexus
835 1130 958 1173 inter
992 1136 1214 1188 quattuor
1249 1131 1354 1172 illas
1388 1131 1478 1171 vir-

280 1209 404 1247 tutes
448 1204 719 1256 cardinales,
769 1208 924 1256 σοφίαν,
971 1206 1172 1259 ἀνδρείαν,
1209 1211 1471 1258 σωφροσύνην,

281 1282 541 1331 δικαιοσύνην,
584 1284 676 1326 nisi
723 1285 882 1334 ἁρμονία
927 1285 1132 1334 interna,
1166 1285 1257 1327 niSi
1291 1286 1474 1335 εὐρυθμία
1530 1339 1533 1343 ,

282 1361 346 1397 τοῦ
373 1360 459 1412 βίου
502 1360 551 1402 in
601 1362 753 1404 animo
797 1362 1017 1410 humano,
1068 1376 1158 1419 quo
1206 1362 1325 1404 nihil
1367 1376 1475 1404 saue

279 1435 519 1491 pulchrius
554 1451 624 1479 ars
658 1438 859 1481 humana
892 1438 1070 1481 efficere
1102 1438 1281 1495 possit?

343 1508 496 1563 Quum
524 1528 632 1572 ergo
660 1515 863 1572 primum
891 1514 1173 1572 eloquentiae
1200 1514 1479 1573 principium

279 1587 337 1630 sit
364 1590 406 1627 τὸ
432 1588 603 1639 ἅληθές,’
621 1592 818 1633 alterum
846 1605 938 1633 non
967 1591 1115 1634 minus
1134 1591 1307 1634 oratori
1325 1606 1473 1634 neces-

280 1665 454 1709 sarium
486 1666 744 1710 habendum
777 1673 847 1711 est
880 1670 921 1707 τὸ
948 1667 1077 1716 καλὸν,
1113 1674 1159 1711 et
1184 1667 1367 1725 quidem
1401 1667 1478 1709 du-

278 1744 408 1801 plex:
438 1744 637 1787 alterum
654 1744 857 1802 positum
874 1745 924 1788 in
942 1744 1161 1788 orationis
1179 1745 1346 1795 forma,
1367 1746 1477 1788 alte-

276 1835 380 1864 rum
395 1820 445 1864 in
461 1821 598 1865 rebus
617 1827 661 1864 et
678 1821 901 1880 cogitatis,
937 1820 1183 1880 Sophistae
1202 1828 1247 1865 et
1270 1828 1474 1865 oratores

280 1897 591 1956 sophistarum
614 1898 783 1942 similes
800 1913 890 1942 non
914 1899 1140 1943 curabant
1158 1899 1351 1942 formam
1367 1914 1476 1941 vere

277 1974 542 2032 pulchram;
576 1974 858 2018 conabantur
886 1981 1069 2019 tantum
1087 1975 1288 2019 flosculis
1304 1975 1475 2033 passim

278 2053 445 2109 sparsis
478 2052 727 2094 orationem
760 2051 1004 2102 adornare,
1037 2052 1280 2095 verborum
1313 2066 1478 2109 pompa

280 2135 325 2172 et
358 2130 682 2172 sententiarum
714 2134 881 2171 ornatu
915 2143 1043 2171 aures
1075 2129 1321 2183 delectare,
1356 2143 1476 2171 sum—

278 2220 403 2248 mum
435 2206 629 2263 denique
663 2213 707 2249 et
740 2211 1013 2256 extremum,
1033 2206 1156 2264 quod
1174 2206 1474 2254 sectabantur,

281 2291 413 2327 erant
449 2289 494 2323 τὰ
523 2287 650 2335 κομψὰ
678 2288 740 2333 τῆς
768 2284 909 2336 τέχνης.
963 2282 1027 2327 At
1061 2283 1179 2327 illud
1213 2282 1336 2341 quod
1369 2299 1476 2327 vere

325 2541 355 2581 1)
402 2538 451 2571 Cf.
478 2538 520 2570 de
544 2538 650 2580 chg.
674 2550 705 2580 p.
732 2540 811 2576 653,
836 2539 877 2570 A.
