1786 2956
864 311 921 354 84

842 442 943 489 VII.

364 595 443 640 »In
489 595 712 649 (dicendi)
765 596 1193 647 exercitationibus,
1241 599 1330 642 etsi
1377 597 1491 642 utile

293 679 362 718 est
407 673 546 716 etiam
598 671 755 717 subito
809 686 943 732 saepe
994 672 1165 724 dicere,
1185 677 1349 718 tamen
1371 671 1491 718 illud

289 751 454 795 utilius
483 755 573 801 est,
608 755 757 794 sumto
784 750 933 809 spatio
965 750 1024 794 ad
1055 749 1343 810 cogitandum
1357 764 1488 809 para·

288 826 381 871 tius
442 831 584 885 atque
654 827 912 874 accuratius
964 824 1149 874 dicere.’'
1215 823 1389 878 Cicer0‚
1438 825 1489 871 de

291 901 489 953 Oratore,
522 901 558 947 1.
592 903 663 948 33.

819 1052 949 1099 VIII.

359 1204 466 1251 »Est
508 1207 621 1252 haec
664 1212 860 1252 naturae
892 1207 1274 1267 ingeniorumque
1305 1208 1400 1260 lex,
1435 1213 1489 1252 ut

289 1299 424 1330 nemo
441 1285 689 1343 quisquam
705 1285 805 1328 ulla
836 1283 885 1327 in
918 1290 1019 1328 arte
1044 1284 1313 1328 doctrinave
1340 1286 1488 1328 excel-

287 1362 383 1407 lere
416 1362 585 1420 possit,
617 1361 710 1406 nisi
741 1362 817 1405 cui
849 1360 939 1405 tria
969 1361 1083 1406 haec
1101 1360 1276 1406 adsint:
1294 1360 1487 1412 indoles,

288 1437 497 1482 studium
511 1471 523 1493 ,
553 1437 668 1482 via.'’
704 1435 1131 1497 (WyttenbachiuS,
1153 1438 1203 1484 in
1225 1437 1325 1485 Vita
1340 1435 1487 1481 Balm-

286 1513 418 1565 kenz'i,
452 1529 557 1573 pag.
593 1515 619 1560 7
622 1517 656 1568 .)

849 1617 930 1665 IX.

347 1741 559 1787 Mirabile
584 1740 705 1787 illud
737 1743 987 1787 artificium
1000 1776 1012 1798 ,
1041 1756 1132 1802 quo
1164 1743 1375 1787 homines
1400 1755 1485 1801 per

285 1819 453 1879 viginti
485 1820 580 1865 fere
612 1821 745 1879 signa
777 1835 934 1865 omnes
968 1834 1077 1865 suas
1098 1821 1308 1865 notiones
1331 1835 1488 1865 secum

285 1897 650 1948 communicant,
699 1897 835 1941 facile
878 1896 984 1940 hinc
1032 1897 1316 1955 explicatur,
1365 1895 1487 1955 quod

283 1972 518 2033 scriptura
549 1988 690 2028 sonos,
723 1988 815 2017 non
849 1973 1109 2033 coqz'tationes
1149 1972 1380 2033 exprimit.

858 2125 913 2170 X.

342 2279 601 2324 Puerorum
648 2280 884 2324 institutio
929 2278 979 2323 id
1031 2279 1228 2324 maxime
1274 2286 1484 2337 spectare

281 2356 438 2408 debet,
471 2363 525 2401 ut
558 2371 716 2402 omnes
739 2347 904 2401 animi
943 2355 1211 2416 ingeniique
1242 2355 1483 2400 facultates

282 2432 591 2491 aequabiliter
642 2434 911 2484 eliciantur,
963 2433 1201 2492 fingantur
1251 2438 1297 2477 et
1352 2447 1483 2477 exco-

277 2509 451 2556 lantur.
