1786 2956
874 264 931 308 58

292 398 560 449 consilium,
595 399 642 443 id
666 400 845 443 efficere
879 399 1136 456 studentis,
1168 404 1221 442 ut
1238 398 1492 456 discipulus

293 474 436 532 probe
469 474 714 534 intelligat,
749 490 806 518 ne
848 477 997 533 primo
1041 477 1140 518 loco
1187 473 1394 519 attendat
1437 475 1495 518 ad

294 551 485 594 artificia
508 551 812 609 sophistarum
849 557 895 595 et
930 551 1186 602 rhetorum,
1222 551 1352 610 quasi
1384 552 1494 594 haec

292 629 490 671 maxime
528 629 784 670 necessaria
823 628 915 671 sint
954 627 1012 671 ad
1048 628 1384 686 eloquentiam;
1415 626 1494 674 sed

293 711 347 747 ut
382 709 486 747 ante
520 705 672 747 omnia
705 704 854 747 discat
887 710 1010 747 recte
1039 706 1258 763 cogitare,
1289 705 1493 763 alioquin

289 779 442 822 omnia
474 780 655 823 dicendi
683 781 879 824 artificia
906 781 1090 823 fallacia
1118 795 1213 824 esse
1242 797 1294 824 ac
1317 782 1494 825 nullius

288 857 430 913 pretii
467 855 525 913 1).

350 931 449 975 Hoc
481 933 670 976 consilio
705 935 940 977 examinat
973 948 1078 977 cum
1092 933 1299 977 Phaedro
1320 934 1489 977 oratio-

288 1023 392 1051 nem
428 1009 656 1066 quandam
699 1009 885 1068 Lysiae,
936 1026 1029 1068 qua
1070 1009 1142 1053 hic
1176 1008 1491 1053 demonstrare

287 1084 555 1135 conabatur,
589 1086 838 1129 feliciorem
865 1085 1224 1143 praedicandum
1258 1100 1354 1129 esse
1388 1100 1490 1129 eum

288 1162 365 1218 qui
400 1176 493 1204 non
527 1176 681 1205 amore
705 1168 868 1220 captus
899 1158 1019 1206 esset
1037 1177 1173 1220 quam
1206 1167 1270 1205 τὸν
1300 1168 1490 1217 ἐρωτικόν,

287 1244 477 1295 propter
521 1240 671 1282 multa
706 1245 750 1281 et
777 1254 946 1297 magna
972 1239 1138 1282 damna
1168 1238 1334 1296 quibus
1365 1253 1489 1280 amor

285 1320 492 1357 amantes
527 1314 720 1368 afficiat3
754 1329 870 1373 quae
888 1316 1053 1365 oratio,
1074 1314 1320 1358 artificioso
1338 1315 1486 1357 nitore

287 1390 532 1446 splendens
577 1397 623 1433 et
667 1391 870 1434 flosculis
915 1397 1101 1440 ornata,
1142 1390 1325 1433 carebat
1374 1405 1487 1432 sana

329 1590 360 1632 1)
384 1588 569 1630 Quomodo
599 1588 781 1622 dialectica
809 1592 994 1633 praeparet
1027 1587 1071 1623 ad
1096 1588 1305 1623 rhetoricam
1328 1588 1488 1623 Socrates

283 1648 488 1690 praesertim
505 1648 661 1681 ostendit
674 1648 712 1680 in
722 1648 873 1681 Phaedr.
887 1659 920 1691 p.
934 1648 996 1682 271
1006 1649 1049 1681 A.
1058 1647 1099 1681 B.
1113 1648 1168 1681 C.:
1183 1648 1311 1686 „efficit
1326 1650 1368 1680 ut
1378 1647 1487 1690 probe

282 1709 436 1742 animum
461 1719 725 1752 cognoscamus,
749 1721 835 1743 num
857 1710 888 1742 ἓν
911 1710 965 1743 καὶ
989 1709 1096 1754 ὃμοίον
1121 1710 1184 1750 sit,
1207 1721 1250 1743 an
1272 1720 1372 1749 vero,
1405 1708 1487 1742 κατὰ

282 1773 429 1817 σώματος
465 1773 585 1817 μορφὴν
629 1772 804 1810 πολυειδές.
852 1773 991 1807 Deinde
1022 1773 1195 1812 ostendit,
1236 1772 1324 1816 quid
1357 1773 1486 1815 cuique

280 1834 393 1868 facere
417 1838 454 1868 et
476 1835 563 1878 quid
583 1846 603 1868 a
621 1846 764 1878 quoque
793 1835 868 1878 pati
890 1837 1016 1869 natura
1037 1835 1148 1879 possit
1170 1833 1245 1880 (ὂτῳ
1270 1836 1304 1868 τί
1336 1839 1436 1868 ποιεῖν
1466 1834 1484 1871 ἦ

280 1898 399 1931 παθεῖν
438 1897 500 1931 ὑπὸ
544 1901 600 1931 τοῦ
637 1896 796 1942 πέφυκεν).
836 1898 979 1937 Tertio,
1004 1898 1181 1942 dispositis
1215 1898 1414 1930 orationum
1450 1901 1486 1930 et

280 1956 386 1988 animi
408 1955 595 1999 generibus
618 1967 812 1999 eorumque
832 1956 1093 1995 affectionibus,
1116 1955 1344 1999 persequitur
1364 1965 1484 1988 omnes

279 2025 416 2053 causas,
442 2025 539 2047 suam
562 2015 690 2057 cuique
713 2015 925 2058 adjungens,
941 2018 1048 2057 atque
1061 2015 1207 2052 docens,
1221 2014 1334 2056 qualis
1349 2014 1484 2046 animus

279 2072 441 2114 qualibus
464 2071 680 2119 orationibus
697 2083 803 2115 quam
815 2072 859 2105 ob
871 2083 1010 2105 causam
1020 2071 1214 2105 necessario
1227 2071 1285 2104 vel
1299 2071 1336 2103 in
1347 2081 1484 2114 persua-

278 2130 411 2163 sionem
430 2129 626 2164 adducatur
637 2130 694 2164 vel
711 2141 783 2164 non
802 2130 1016 2164 adducatur”
1045 2129 1109 2173 (Of.
1128 2141 1234 2173 porro
1255 2130 1319 2163 271
1339 2129 1484 2162 D—272

279 2188 316 2221 O.
347 2188 411 2221 273
440 2188 586 2222 D—274
613 2188 655 2221 B.
684 2188 748 2222 277
781 2188 824 2222 Β.
850 2189 901 2231 C.)
931 2208 975 2213 —-
1013 2189 1069 2221 De
1098 2187 1358 2221 necessitudine
1392 2187 1483 2219 inter

279 2245 495 2278 dialecticam
508 2248 545 2278 et
557 2246 770 2279 rhetoricam
789 2246 858 2279 vid.
892 2246 962 2279 Cic.
996 2246 1093 2279 Orat.
1118 2247 1202 2278 113:
1227 2245 1354 2283 „Zen0,
1373 2255 1483 2287 quum

278 2307 529 2346 compresserat
557 2304 686 2347 digitos
708 2315 937 2348 pugnumque
961 2304 1105 2342 fecerat,
1131 2303 1347 2336 dialecticam
1369 2302 1483 2345 ajebat

278 2361 453 2404 ejusmodi
476 2372 566 2401 esse;
591 2373 701 2404 quum
713 2365 831 2395 autem
843 2362 1029 2394 diduxerat
1050 2364 1086 2394 et
1105 2371 1246 2393 manum
1266 2360 1480 2398 dilataverat,

276 2418 411 2462 palmae
456 2418 551 2451 illius
598 2419 745 2453 similem
790 2430 864 2453 esse
915 2418 1052 2452 dicebat
1094 2419 1329 2462 eloquentiam
1368 2418 1413 2460 (h.
1450 2429 1477 2450 c.

276 2476 530 2518 rhetoricam).’'
