1786 2956
894 291 947 334 72

315 426 524 468 oratoria
556 424 685 469 locus
735 425 1051 469 concedendus
1098 432 1187 477 est,
1222 426 1335 470 haec
1366 431 1522 470 tamen

263 558 265 560 q
313 516 407 545 non
439 508 552 546 sunt
584 502 833 560 praecipua
864 504 939 545 vel
973 517 1163 545 summa.
1249 501 1287 545 E
1316 501 1521 546 Socratis

313 584 468 623 mente
525 578 614 622 ista
669 578 727 621 ad
775 582 968 634 ῥητορικὴν
1023 593 1115 623 non
1176 579 1284 637 plus
1342 581 1520 625 valent,

313 671 452 714 quam
501 655 558 698 ad
612 660 758 699 artem
816 655 1037 699 medicam
1097 656 1213 700 scire
1273 657 1521 700 calefacere

315 747 481 790 corpus
524 737 571 775 et
614 732 862 790 refrigare,
902 732 1195 791 adstringere
1228 733 1414 777 alveum
1445 734 1520 777 vel

310 810 548 860 relaxare3
582 808 640 852 ad
678 814 826 852 artem
842 808 1063 867 tragicam
1092 810 1210 853 scire
1227 809 1284 853 de
1301 824 1350 853 re
1372 824 1520 868 parva

311 887 473 945 longas
523 883 812 944 componere
843 886 1096 940 orationes,
1146 886 1202 930 de
1250 901 1301 930 re
1336 900 1516 944 ,magna

311 962 494 1014 breves;
541 960 598 1003 ad
642 961 867 1004 musicam
916 961 1112 1019 denique
1161 962 1276 1005 scire
1322 967 1511 1005 acutum

311 1045 356 1081 et
403 1052 593 1096 gravem
644 1037 824 1082 efficere
868 1053 1032 1081 sonum
1079 1037 1151 1095 1),
1185 1044 1429 1096 ceteraque
1465 1038 1510 1081 id

311 1129 471 1174 genus.

369 1191 469 1243 Sed
488 1191 613 1250 quod
630 1191 773 1249 probe
790 1191 1043 1235 tenendum
1055 1225 1067 1247 ‚
1086 1192 1317 1235 immerito
1340 1191 1511 1235 abusus

307 1269 404 1327 ejus
439 1267 712 1328 disciplinae
744 1268 835 1328 ipsi
879 1269 968 1313 arti
1004 1270 1190 1328 ejusque
1222 1270 1512 1313 institutioni

306 1344 460 1390 fraudi
479 1346 583 1389 fuit.
649 1343 771 1388 Sana
789 1352 834 1389 et
852 1347 1123 1403 incorrupta
1139 1345 1373 1389 rhetorica
1391 1345 1515 1388 omni

311 1436 425 1466 aevo
461 1436 510 1466 se
527 1420 753 1465 tuebitur.
792 1419 946 1475 Quum
977 1420 1221 1466 Rossavius
1253 1423 1514 1466 vehementi

311 1499 477 1542 ardore
516 1497 811 1541 inveheretur
852 1497 898 1540 in
933 1504 1053 1541 artes
1088 1504 1133 1541 et
1178 1498 1413 1541 doctrinas
1448 1496 1513 1555 2),

311 1590 472 1619 earum
522 1574 666 1619 abusu
707 1573 754 1617 in
788 1588 1056 1633 perversam
1088 1574 1207 1618 hanc
1251 1574 1515 1633 opinionem

311 1652 538 1695 adductus
557 1657 646 1699 est,
670 1666 812 1708 quam
830 1665 941 1693 sana
958 1651 1078 1693 ratio
1095 1650 1332 1707 repudiat3
1366 1650 1512 1693 invito

309 1728 402 1779 illo,
419 1725 677 1771 floruerunt
696 1726 862 1771 artium
881 1726 1039 1771 studia
1056 1732 1101 1772 et
1113 1726 1258 1786 magis
1273 1728 1512 1787 magisque

311 1809 567 1863 augescent.
597 1802 765 1846 Parum
791 1805 1045 1846 valuerunt
1077 1790 1514 1862 Encyclopaedistae

310 1883 358 1925 in
391 1880 596 1932 Francia,
631 1896 775 1939 quum
808 1879 1071 1925 deriderent
1103 1882 1341 1939 religionis
1376 1882 1514 1925 effata

311 1964 357 2001 et
390 1957 585 2008 cultum,
619 1956 838 2000 nimirum
871 1956 1163 2000 simulacrum
1191 1955 1290 2014 ejus
1324 1971 1513 2016 corrup-

309 2041 409 2079 tum
432 2032 515 2093 pro
535 2035 714 2079 sincera
730 2033 877 2093 specie
894 2033 1125 2078 habentes.
1164 2033 1292 2078 Nihil
1316 2034 1513 2093 denique

310 2117 463 2154 exstat
476 2111 723 2169 pulchrum
741 2116 786 2154 et
804 2110 933 2165 utile,
948 2110 1072 2169 quod
1088 2125 1179 2154 non
1198 2109 1254 2154 ab
1272 2111 1358 2154 hoc
1370 2111 1512 2155 illove

309 2190 477 2232 acriter
509 2187 835 2245 reprehensum
879 2187 961 2238 sit,
1008 2187 1086 2231 sed
1136 2203 1188 2231 eo
1238 2190 1513 2245 plerumque

310 2264 495 2314 effectu,
539 2270 592 2307 ut
630 2278 702 2308 res
744 2265 846 2322 ipsa
887 2265 1079 2307 clariore
1130 2263 1231 2307 luce
1276 2262 1509 2308 effulserit.

352 2460 384 2499 1)
408 2455 559 2490 Phaedr.
583 2468 617 2499 p.
641 2457 715 2488 268.

351 2516 382 2556 2)
406 2515 450 2548 In
474 2526 579 2558 opere
603 2516 748 2548 Discours
770 2527 823 2547 sm·
847 2516 889 2548 les
911 2517 978 2548 arls
1000 2517 1031 2548 el
1053 2516 1095 2548 les
1117 2516 1255 2549 πείθησθε.
