1786 2956
867 297 920 337 14

291 432 495 489 graviter
539 438 755 475 nocerent
804 438 895 475 tam
955 431 1168 491 singulis,
1218 448 1357 491 quam
1385 432 1483 476 uni-

289 523 426 552 verso
460 509 646 552 omnino
675 510 859 567 populo.
915 507 1050 554 Tales
1079 516 1209 554 erant
1238 509 1483 569 sophistae,

289 600 404 643 quos
449 585 720 643 redarguere
760 591 806 628 et
851 585 907 628 ad
950 587 1185 629 meliorem
1213 588 1484 630 sententiam

291 660 518 705 adducere
551 658 757 703 Socrates
791 660 1055 705 conabatur.

350 737 588 795 Ingressus
653 742 723 779 est
771 750 957 780 arenam
1017 743 1238 796 tanquam
1307 739 1482 783 athleta

287 812 523 865 veritatis3
574 811 746 871 ubique
795 819 988 858 conatur
1036 828 1095 857 ex
1131 813 1296 858 intima
1340 814 1481 859 animi

285 889 514 933 sententia
544 888 750 932 homines
800 903 826 932 a
858 888 986 932 falsis
1035 891 1259 949 vanisque
1307 889 1479 949 opinio-

284 967 423 1011 nibus
465 965 681 1019 liberare;
730 968 854 1010 omni
895 981 1003 1025 ope,
1059 967 1270 1011 omnibus
1303 966 1480 1012 viribus

283 1046 452 1090 nititur
485 1050 528 1095 τῆ
555 1044 717 1097 ἀληθείᾳ
758 1042 995 1087 victoriam
1028 1043 1277 1089 vindicare.

347 1123 401 1166 In
460 1122 689 1172 Phaedro,
739 1126 983 1179 postquam
1034 1118 1265 1172 Socrates,
1315 1120 1482 1182 Lysiae

283 1200 480 1244 rhetoris
519 1199 754 1256 exemplo,
788 1198 980 1242 facetam
1008 1197 1260 1241 orationem
1296 1198 1482 1249 habuit,

285 1291 377 1334 qua
408 1274 626 1319 Amorem
668 1281 892 1332 tanquam
930 1274 1140 1317 insanam
1180 1275 1482 1332 cupiditatem

279 1351 533 1411 vituperat,
557 1366 665 1395 mox
699 1349 998 1409 reprehendit
1029 1364 1076 1394 se
1107 1356 1151 1395 et
1190 1349 1483 1410 palinodiam

282 1431 413 1480 canit,
426 1428 668 1472 ostendens
685 1429 734 1471 in
750 1423 908 1480 Ἔρωτα
924 1442 973 1471 se
1001 1427 1249 1472 contulisse
1266 1443 1332 1481 ea,
1357 1444 1478 1487 quae

282 1512 462 1551 tantum
478 1505 527 1549 in
545 1519 747 1550 amorem
759 1498 954 1557 πάνδημόν
973 1505 1262 1557 conveniant,
1280 1504 1482 1550 omnium

281 1598 392 1627 vero
420 1584 608 1626 minime
636 1584 682 1625 in
721 1596 919 1625 amorem
952 1586 1138 1635 οὐράνιον,
1169 1596 1305 1640 quem
1333 1584 1481 1625 omnis

280 1659 399 1711 boni,
408 1658 590 1719 pulchri
603 1665 650 1703 et
657 1659 756 1703 veri
770 1664 1000 1703 auctorem
1010 1665 1056 1704 et
1064 1659 1226 1703 ducem
1234 1657 1478 1717 praedicat.

280 1737 517 1781 Postremo
537 1735 674 1781 deum
696 1737 809 1787 haec
840 1742 1078 1794 precatur:
1115 1735 1322 1795 »Lysiam
1340 1750 1480 1779 avoca

283 1814 339 1858 ab
388 1811 645 1857 istiusmodi
687 1811 936 1857 scribendis
985 1812 1271 1857 orationibus
1328 1813 1480 1871 (cujus

280 1892 466 1951 generis
510 1890 772 1949 exemplum
806 1890 944 1934 initio
985 1888 1156 1950 dialogi
1188 1890 1480 1948 propositum

281 1972 373 2022 est)
424 1982 620 2026 eumque
680 1968 738 2011 ad
804 1966 1163 2026 philosophiam,
1229 1967 1286 2011 ad
1340 1982 1478 2026 quam

279 2045 603 2090 Polemarchus
645 2044 791 2103 ipsius
820 2045 966 2089 frater
1001 2059 1049 2088 se
1083 2044 1334 2104 applicuit,
1375 2058 1478 2088 con—

279 2129 428 2174 verte,
460 2137 518 2166 ne
550 2120 807 2173 Phaedrus,
840 2121 984 2180 ipsius
1017 2123 1240 2173 amasim,
1275 2122 1475 2180 amplius

279 2201 492 2250 fluctuet,
509 2200 581 2243 uti
613 2213 733 2242 nunc
750 2235 759 2251 ,
777 2198 856 2243 sed
882 2200 1060 2243 sincero
1079 2200 1233 2244 animo
1262 2214 1310 2243 se
1328 2198 1474 2258 appli-

278 2292 387 2321 cans
421 2276 479 2320 ad
512 2291 712 2320 amorem
765 2281 857 2329 μετὰ
890 2278 1101 2329 φιλοσόφων
1138 2279 1258 2329 λόγων
1299 2281 1363 2319 τὸν
1391 2280 1475 2331 βίον

275 2355 454 2406 ποιῆται”
493 2355 555 2405 l).

320 2523 351 2563 1)
375 2518 526 2553 Phaedr.
550 2530 583 2561 p.
607 2518 671 2552 257
694 2519 734 2551 B.
