1786 2956
860 327 916 373 63

289 467 362 508 vel
413 465 527 507 alios
577 462 777 507 docendo
832 469 977 508 artem
1027 464 1205 509 dicendi
1249 480 1481 523 promove-

289 546 403 584 runt
438 546 483 583 et
517 540 834 584 excoluerunt.

351 616 569 660 Attamen
602 617 701 660 fieri
736 618 861 661 haud
888 617 1024 662 aliter
1052 624 1255 676 poterat,
1275 619 1385 676 quin
1405 636 1480 662 ars

233 685 237 688 Δ
288 695 371 737 illa
403 694 471 736 ita
503 701 782 750 comparata,
814 700 868 738 ut
896 695 1204 752 sophistarum
1224 695 1476 739 emanibus

288 771 492 820 exstitit,
548 785 765 828 magnum
810 772 990 814 afferret
1022 786 1158 814 verae
1193 772 1480 829 eloquentiae

286 846 626 890 detrimentum.
705 844 973 890 Theodorus
1023 846 1304 906 Byzantinus
1355 862 1480 904 prae-

286 926 419 981 cipue
464 938 510 966 se
555 923 777 980 applicuit
823 924 881 966 ad
925 927 1100 965 πίστωσιν
1141 931 1186 967 et
1221 928 1480 973 ἐπιπίστωσιν,

286 999 344 1043 ad
387 1000 539 1053 ἔλεγχον
583 1005 629 1042 et
673 1000 926 1053 ἐπεξέλεγχον,
955 1015 1117 1058 parum
1151 1015 1333 1051 curans,
1367 1016 1481 1044 num

285 1083 555 1134 argumenta
587 1079 852 1120 niterentur
878 1092 987 1120 vero
1016 1083 1062 1120 et
1080 1076 1281 1119 honesto,
1315 1076 1479 1120 Parius

284 1150 468 1197 Evenus
517 1153 717 1197 animum
770 1153 969 1197 attendit
1021 1153 1078 1196 ad
1124 1154 1378 1203 ὑποδήλωσιν,
1424 1154 1480 1197 ad

284 1234 537 1283 παρεπαίνονς
571 1238 614 1275 et
648 1235 910 1284 παραψύγους.
961 1229 1098 1273 Polus
1126 1234 1309 1275 curavit
1342 1234 1478 1274 διπλα-

284 1308 471 1356 σιολογίαν
496 1312 558 1348 καὶ
588 1307 842 1359 γνωμολογίαν
872 1311 935 1347 καὶ
951 1308 1218 1357 εἴκονολογίαν,
1233 1310 1423 1360 ὀνομάτων
1439 1325 1478 1348 τε

237 1424 248 1432 ,
282 1387 516 1435 Λικυμνίων,
545 1388 570 1424 ἃ
601 1387 729 1436 ἐκείνῳ
757 1385 978 1438 ἐδωρήσατό,
1007 1387 1268 1437 προσεποίησεν
1300 1387 1475 1430 εὐεπείας.

285 1454 430 1500 Simili
462 1459 555 1501 fere
588 1457 721 1500 modo
753 1458 1026 1500 rhetoricam
1042 1463 1302 1500 tractarunt
1319 1457 1475 1499 Prota-

282 1548 440 1591 goras,
473 1532 714 1584 Prodicus,
748 1531 966 1591 Hippias,
1000 1535 1140 1576 ceteri
1176 1535 1237 1585 1).

344 1606 486 1663 Quid,
521 1624 709 1668 quaeso,
753 1608 1010 1652 istiusmodi
1059 1610 1341 1667 quisquiliae
1374 1623 1477 1651 con-

282 1687 400 1729 ferre
447 1693 664 1743 poterant
712 1685 770 1728 ad
813 1701 972 1728 veram
1010 1687 1314 1728 rhetoricam?
1380 1685 1476 1728 Imo

281 1763 438 1820 potius
471 1776 523 1806 eo
556 1763 710 1806 valere
743 1761 1000 1805 debuerunt
1028 1767 1082 1804 ut
1111 1760 1257 1818 ipsam
1274 1775 1475 1819 pessum-

281 1839 457 1881 darent.
537 1838 748 1882 Artifices
806 1839 883 1881 isti
954 1839 1150 1895 speciem
1198 1844 1381 1880 tantum
1431 1845 1477 1881 et

280 1916 561 1958 lineamenta
609 1914 719 1958 artis
770 1913 1043 1973 attigerunt,
1087 1915 1233 1972 ipsam
1264 1920 1477 1957 naturam

282 1998 327 2034 et
375 1990 465 2033 vim
508 2006 598 2034 non
660 1996 1006 2050 perspexerunt.
1071 1988 1157 2034 Sed
1190 2005 1320 2039 vero,
1356 1990 1477 2047 quod

280 2068 469 2126 gravius
502 2073 589 2121 est,
619 2082 703 2125 pro
735 2069 934 2110 veritate
953 2073 1188 2125 sequentes
1207 2073 1247 2107 τό
1282 2070 1473 2115 πιθανὸν,

283 2151 428 2188 artem
460 2144 771 2195 tradiderunt,
806 2159 923 2202 quae
939 2143 1141 2202 graviter
1158 2143 1315 2186 nocuit
1333 2157 1469 2186 verae

281 2221 567 2277 eloquentiae
623 2203 952 2277 paullatimque
1001 2220 1162 2263 effecta
1210 2226 1276 2262 est
1329 2224 1476 2262 mater

279 2301 343 2357 τᾳῦ
382 2299 566 2349 ψευδοῦς,
607 2303 649 2341 et
683 2295 922 2340 suffocavit
955 2296 1092 2339 simul
1141 2310 1340 2340 amorem
1375 2310 1474 2339 sen-

326 2475 355 2516 l)
378 2473 529 2507 Phaedr.
552 2486 585 2517 p.
610 2475 673 2507 266
696 2474 747 2514 Ε,
771 2475 851 2513 267;
876 2474 920 2508 de
943 2474 1102 2508 omnibus
1125 2474 1220 2507 hisce
1232 2476 1389 2506 accurate
1402 2472 1474 2515 egit

278 2536 317 2569 L.
344 2537 494 2578 Spengel
517 2537 552 2568 in
576 2537 680 2568 libro:
706 2539 876 2579 Συνάγωγγι
911 2542 1042 2580 τεχνῶν,
