1786 2956
867 296 923 337 20

290 432 570 485 posteriores
646 437 819 473 aetates
883 421 1122 489 nunquam
1188 440 1490 489 superarunt⁷

289 505 485 549 forsitan
519 521 576 550 ne
609 507 973 564 aequipararunt
1006 508 1201 566 quidem.

354 580 616 624 Secundum
664 579 904 624 Platonem
944 584 1091 640 igitur
1120 585 1367 640 pulchrum
1401 585 1491 627 effi-

290 664 413 705 citur
460 663 668 712 μετριότητι
718 657 915 714 quadam
964 665 1009 702 et
1061 663 1263 711 συμμετρίᾳ
1301 663 1372 712 1),
1422 667 1491 704 est

287 735 427 775 τελείου
456 751 493 774 τι
520 734 569 792 2)
603 742 742 792 atque
775 735 911 778 unice
943 748 1055 777 vero
1073 736 1245 778 nititur
1265 734 1324 793 3).
1359 733 1488 788 Quae

286 816 324 857 si
383 814 634 871 pulchrum
683 813 883 857 efficiant
932 815 980 857 in
1036 814 1205 857 mundo
1255 813 1487 865 sensibili,

284 891 455 934 cadunt
505 891 645 934 etiam
694 891 742 933 in
776 890 1021 947 pulchrum
1053 891 1237 933 morale.
1303 888 1375 932 Ita
1407 887 1482 932 So-

286 975 460 1011 cratem
509 967 722 1010 audimus
772 968 820 1009 in
869 966 1122 1025 Protagora
1170 967 1394 1010 dicentem
1434 967 1489 1010 de

287 1044 640 1103 pulchritudine
689 1045 738 1086 in
784 1045 934 1086 animo
966 1044 1189 1086 humano:
1229 1048 1330 1091 »πᾶς
1363 1046 1386 1082 ό
1411 1045 1491 1097 βίος

287 1126 351 1160 τοῦ
379 1123 588 1172 ἀνθρώπου
617 1122 820 1171 εὐρυθμίας
848 1135 886 1159 τε
914 1123 978 1158 καὶ
1007 1122 1248 1171 εὐαρμοστίας
1263 1120 1404 1159 &frast
1422 1123 1487 1173 4),

285 1198 339 1241 In
386 1197 638 1241 Theaeteto
687 1196 807 1240 idem
863 1194 993 1239 nobis
1042 1198 1321 1254 proponitur
1372 1198 1487 1241 artis

281 1280 497 1326 μαιευτικῆς
542 1289 626 1333 ope
668 1276 873 1318 animum
910 1273 1160 1331 pulchrum
1209 1274 1408 1319 efficiens
1442 1280 1487 1319 et

281 1360 507 1411 tanquam
538 1352 826 1395 harmoniam
854 1356 991 1408 atque
1025 1354 1242 1402 συμφωνίαν
1269 1354 1318 1404 5)
1353 1353 1400 1395 in
1435 1367 1486 1396 eo

282 1431 546 1472 restituens
588 1427 660 1472 Ita
694 1426 929 1472 Socratem
961 1429 1170 1472 videmus
1205 1428 1364 1472 iisdem
1391 1429 1486 1472 fere

281 1506 436 1550 verbis
479 1505 729 1564 pulchrum
761 1506 934 1550 morale
967 1505 1277 1555 definientem,
1313 1505 1484 1563 quibus

281 1583 531 1640 pulchrum
564 1586 747 1633 αἰσθητὸν
779 1582 1006 1625 describit.

344 1659 555 1717 Duplicis
595 1658 677 1701 illa
720 1659 956 1702 distinctio
990 1659 1196 1716 pulchri,
1232 1659 1328 1715 ejus
1362 1658 1486 1716 quod

281 1737 485 1795 corporis
535 1735 680 1779 oculis
722 1736 955 1790 cernitur,
1002 1742 1047 1779 et
1092 1735 1187 1793 ejus
1233 1735 1356 1793 quod
1390 1750 1483 1779 cer-

279 1816 408 1857 nitur
443 1815 576 1857 oculo
606 1815 798 1864 mentis,
818 1814 1017 1870 amplam
1041 1812 1233 1870 praebet
1251 1812 1483 1871 cogitandi

281 1892 533 1934 materiem.
556 1887 798 1943 Quomodo
826 1891 928 1933 fieri
958 1895 1111 1947 posset
1140 1895 1194 1932 ut
1221 1889 1373 1940 homo,
1402 1890 1483 1946 qui

281 1984 333 2012 eo
351 1968 546 2012 maxime
580 1974 785 2026 praestat
817 1966 993 2017 bestiis,
1029 1974 1083 2009 ut
1116 1980 1207 2009 non
1226 1965 1283 2009 ad
1300 1972 1482 2009 terrena

328 2175 358 2215 1)
404 2173 541 2207 Phileb.
564 2185 598 2216 p.
623 2175 681 2211 64,
707 2173 747 2206 E.

327 2232 359 2273 2)
404 2231 581 2269 Timaeus,
606 2243 639 2275 p.
663 2232 722 2269 30,
748 2231 785 2264 C.

327 2292 359 2332 3)
404 2290 541 2323 Phileb.
563 2302 596 2334 p.
621 2291 760 2323 28—30.

326 2352 359 2390 4)
405 2360 438 2390 p.
462 2349 543 2385 326,
566 2348 606 2380 B.

328 2408 360 2449 5)
405 2406 529 2443 Artes,
564 2405 757 2438 secundum
787 2406 989 2447 Platonem,
1013 2405 1078 2437 hoc
1102 2404 1167 2437 sibi
1189 2405 1407 2448 propositum
1428 2406 1486 2439 ha-

282 2470 404 2506 beant,
418 2472 459 2501 ut
471 2468 620 2501 efficiant
632 2468 737 2501 animi
750 2469 918 2512 εὐρυθμίαν
934 2467 987 2500 καὶ
1003 2467 1155 2512 ἁρμονίαν
1174 2468 1227 2500 καί
1242 2469 1483 2514 εὐσχημοσύνην

282 2534 335 2566 καὶ
364 2534 556 2580 συμμετρίαν
582 2531 645 2574 (Cf.
672 2532 714 2564 de
739 2531 826 2574 Rep.
852 2531 910 2564 lib.
938 2532 980 2574 3.)
