1786 2956
851 303 907 347 75

282 443 453 501 possit,
471 454 636 499 eaque,
657 445 707 483 ut
729 445 827 484 erat
843 445 1054 485 versatus
1072 440 1121 482 in
1140 438 1263 481 omni
1280 437 1478 495 antiqui-

283 524 392 570 tate,
409 518 658 562 luculentis
680 523 889 562 veterum
904 515 1176 562 testimoniis
1194 519 1241 559 et
1258 514 1480 572 exemplis

284 595 551 639 illustravit.
615 593 758 653 Apud
800 593 1015 638 Vossium
1052 594 1261 652 profecto
1301 605 1480 635 »rerum

284 670 465 729 pondus
509 676 576 715 est
621 672 802 730 signum
834 671 1007 730 ingenii
1041 686 1093 715 ac
1126 668 1381 717 doctrinae”
1417 673 1479 723 1).

285 744 465 805 Operae
513 739 712 805 pretium
754 747 869 790 mihi
928 747 1135 791 facturus
1183 748 1366 798 videor,
1417 748 1482 801 si,

286 823 513 882 quomodo
540 823 619 869 ille
650 824 923 868 rhetoricam
948 824 1240 876 tractaverit,
1272 823 1480 873 breviter

286 914 511 944 resumam
557 906 603 945 et
646 906 939 959 conspectum
971 899 1189 944 Vossiani
1221 900 1372 958 operis
1403 901 1480 944 hic

288 990 556 1034 proponam.

348 1051 614 1096 Praemittit
646 1056 740 1096 tres
774 1052 1017 1103 sectiones,
1050 1051 1107 1095 de
1138 1052 1253 1106 fine,
1286 1050 1342 1095 de
1375 1050 1481 1094 defi-

288 1129 466 1171 nitione
525 1134 572 1172 et
625 1128 680 1172 de
732 1128 945 1186 partibus
1004 1129 1282 1179 rhetoricae,
1344 1141 1482 1185 quam

289 1203 498 1263 deinceps
532 1204 925 1263 quadripartitam
957 1209 1137 1248 tractat.

655 1343 735 1387 De
780 1342 1124 1387 inventione.

1417 1380 1470 1423 «0

804 1464 898 1508 Lm.
932 1464 966 1508 Ι.

289 1584 409 1640 Quid
448 1587 509 1629 sit
549 1586 785 1651 inYentio?
815 1586 871 1630 de
905 1585 1189 1645 argumentis
1224 1601 1325 1629 ora-

349 1664 497 1713 toriis,
529 1663 585 1706 de
616 1664 742 1707 locis.
893 1672 896 1674 '
1188 1677 1283 1720 cap.
1317 1664 1358 1705 2.

287 1738 354 1782 De
383 1738 629 1797 generibus
661 1753 915 1784 causarum.
1227 1758 1242 1773 n
1318 1739 1343 1780 3
1412 1739 1481 1779 12.

350 1812 500 1859 Genus
531 1814 896 1860 deliberativum.

532 1890 959 1935 demonstrativum.

527 1966 801 2023 juridiciale.

795 2117 891 2161 Lm.
924 2118 977 2162 ΙΙ.

288 2268 357 2315 De
390 2270 641 2326 affectibus,
1233 2289 1247 2304 n
1323 2249 1484 2312 1—13.

351 2349 439 2397 ira,
472 2348 688 2403 lenitate,
724 2362 878 2392 amore
917 2352 999 2391 cet.

336 2527 367 2567 1)
390 2524 473 2558 Vid.
498 2525 608 2567 ipsius
630 2524 743 2558 Praef.
767 2525 812 2558 ad
834 2524 1010 2559 lectorem.
