<?xml version="1.0" encoding="UTF-8"?>
<!DOCTYPE html PUBLIC "-//W3C//DTD XHTML 1.0 Transitional//EN"
    "http://www.w3.org/TR/xhtml1/DTD/xhtml1-transitional.dtd">
<html xmlns="http://www.w3.org/1999/xhtml" xml:lang="en" lang="en">
 <head>
  <title>
</title>
<meta http-equiv="Content-Type" content="text/html;charset=utf-8" />
  <meta name='ocr-system' content='tesseract 3.04.00' />
  <meta name='ocr-capabilities' content='ocr_page ocr_carea ocr_par ocr_line ocrx_word'/>
</head>
<body>
  <div class='ocr_page' id='page_1' title='image "4738090_0063.png"; bbox 0 0 1786 2956; ppageno 0'>
   <div class='ocr_carea' id='block_1_1' title="bbox 860 282 917 323">
    <p class='ocr_par' dir='ltr' id='par_1_1' title="bbox 860 282 917 323">
     <span class='ocr_line' id='line_1_1' title="bbox 860 282 917 323; baseline 0 0"><span class='ocrx_word' id='word_1_1' title='bbox 860 282 917 323; x_wconf 88' lang='lat'>45</span> 
     </span>
    </p>
   </div>
   <div class='ocr_carea' id='block_1_2' title="bbox 290 414 1505 2076">
    <p class='ocr_par' dir='ltr' id='par_1_2' title="bbox 290 414 1485 1085">
     <span class='ocr_line' id='line_1_2' title="bbox 293 414 1481 474; baseline -0.002 -12"><span class='ocrx_word' id='word_1_2' title='bbox 293 417 448 462; x_wconf 87' lang='lat' dir='ltr'>eadem</span> <span class='ocrx_word' id='word_1_3' title='bbox 479 416 526 459; x_wconf 91' lang='lat' dir='ltr'>in</span> <span class='ocrx_word' id='word_1_4' title='bbox 545 415 653 459; x_wconf 60' lang='lat' dir='ltr'>‘vita</span> <span class='ocrx_word' id='word_1_5' title='bbox 684 415 823 459; x_wconf 87' lang='lat' dir='ltr'>rebus</span> <span class='ocrx_word' id='word_1_6' title='bbox 855 430 943 474; x_wconf 91' lang='lat' dir='ltr'>que</span> <span class='ocrx_word' id='word_1_7' title='bbox 976 414 1164 474; x_wconf 85' lang='lat' dir='ltr'>agendis</span> <span class='ocrx_word' id='word_1_8' title='bbox 1200 414 1481 460; x_wconf 79' lang='lat' dir='ltr'>animadver-</span> 
     </span>
     <span class='ocr_line' id='line_1_3' title="bbox 291 491 1484 550; baseline -0.004 -13"><span class='ocrx_word' id='word_1_9' title='bbox 291 499 470 537; x_wconf 80' lang='lat' dir='ltr'>tentem·</span> <span class='ocrx_word' id='word_1_10' title='bbox 497 497 632 535; x_wconf 88' lang='lat' dir='ltr'>acuta</span> <span class='ocrx_word' id='word_1_11' title='bbox 663 492 953 550; x_wconf 83' lang='lat' dir='ltr'>perceptione</span> <span class='ocrx_word' id='word_1_12' title='bbox 985 506 1120 549; x_wconf 89' lang='lat' dir='ltr'>posse</span> <span class='ocrx_word' id='word_1_13' title='bbox 1153 491 1329 550; x_wconf 85' lang='lat' dir='ltr'>assequi</span> <span class='ocrx_word' id='word_1_14' title='bbox 1362 493 1484 544; x_wconf 81' lang='grc' dir='ltr'>(ὀξέως</span> 
     </span>
     <span class='ocr_line' id='line_1_4' title="bbox 292 568 1483 628; baseline 0 -17"><span class='ocrx_word' id='word_1_15' title='bbox 292 577 339 623; x_wconf 78' lang='grc' dir='ltr'>τῇ</span> <span class='ocrx_word' id='word_1_16' title='bbox 375 572 543 620; x_wconf 78' lang='grc' dir='ltr'><strong><em>αἴσθήσει</em></strong></span> <span class='ocrx_word' id='word_1_17' title='bbox 573 571 760 610; x_wconf 66' lang='grc' dir='ltr'><em>δύνασθαι</em></span> <span class='ocrx_word' id='word_1_18' title='bbox 789 570 1095 628; x_wconf 68' lang='grc' dir='ltr'>ἐπακολουθεῖν);</span> <span class='ocrx_word' id='word_1_19' title='bbox 1130 568 1333 628; x_wconf 83' lang='lat' dir='ltr'>alioquin</span> <span class='ocrx_word' id='word_1_20' title='bbox 1366 569 1483 612; x_wconf 81' lang='lat' dir='ltr'>nihil</span> 
     </span>
     <span class='ocr_line' id='line_1_5' title="bbox 292 645 1483 705; baseline -0.002 -15"><span class='ocrx_word' id='word_1_21' title='bbox 292 646 335 690; x_wconf 88' lang='lat' dir='ltr'>ei</span> <span class='ocrx_word' id='word_1_22' title='bbox 356 645 603 704; x_wconf 73' lang='lat' dir='ltr'>profutura</span> <span class='ocrx_word' id='word_1_23' title='bbox 620 651 731 689; x_wconf 89' lang='lat' dir='ltr'>sunt</span> <span class='ocrx_word' id='word_1_24' title='bbox 748 660 865 704; x_wconf 91' lang='lat' dir='ltr'>quae</span> <span class='ocrx_word' id='word_1_25' title='bbox 882 645 991 690; x_wconf 90' lang='lat' dir='ltr'>olim</span> <span class='ocrx_word' id='word_1_26' title='bbox 1007 645 1247 691; x_wconf 88' lang='lat' dir='ltr'>audiverat</span> <span class='ocrx_word' id='word_1_27' title='bbox 1263 647 1483 705; x_wconf 86' lang='lat' dir='ltr'>magistro</span> 
     </span>
     <span class='ocr_line' id='line_1_6' title="bbox 292 718 1483 781; baseline 0 -17"><span class='ocrx_word' id='word_1_28' title='bbox 292 735 411 765; x_wconf 81' lang='lat' dir='ltr'>usuS.</span> <span class='ocrx_word' id='word_1_29' title='bbox 447 718 597 774; x_wconf 81' lang='lat' dir='ltr'>Quum</span> <span class='ocrx_word' id='word_1_30' title='bbox 628 736 738 765; x_wconf 89' lang='lat' dir='ltr'>vero</span> <span class='ocrx_word' id='word_1_31' title='bbox 770 722 914 780; x_wconf 88' lang='lat' dir='ltr'>probe</span> <span class='ocrx_word' id='word_1_32' title='bbox 945 724 1119 781; x_wconf 89' lang='lat' dir='ltr'>poterit</span> <span class='ocrx_word' id='word_1_33' title='bbox 1147 722 1315 774; x_wconf 89' lang='lat' dir='ltr'>dicere,</span> <span class='ocrx_word' id='word_1_34' title='bbox 1335 722 1483 781; x_wconf 90' lang='lat' dir='ltr'>qualis</span> 
     </span>
     <span class='ocr_line' id='line_1_7' title="bbox 290 797 1482 857; baseline 0 -16"><span class='ocrx_word' id='word_1_35' title='bbox 290 799 425 841; x_wconf 91' lang='lat' dir='ltr'>homo</span> <span class='ocrx_word' id='word_1_36' title='bbox 469 797 590 856; x_wconf 85' lang='lat' dir='ltr'>quali</span> <span class='ocrx_word' id='word_1_37' title='bbox 627 798 835 842; x_wconf 88' lang='lat' dir='ltr'>oratione</span> <span class='ocrx_word' id='word_1_38' title='bbox 873 797 933 842; x_wconf 91' lang='lat' dir='ltr'>ad</span> <span class='ocrx_word' id='word_1_39' title='bbox 963 800 1307 857; x_wconf 85' lang='lat' dir='ltr'>persuasionem</span> <span class='ocrx_word' id='word_1_40' title='bbox 1341 797 1482 842; x_wconf 90' lang='lat' dir='ltr'>addu-</span> 
     </span>
     <span class='ocr_line' id='line_1_8' title="bbox 292 874 1482 933; baseline 0 -16"><span class='ocrx_word' id='word_1_41' title='bbox 292 880 446 929; x_wconf 88' lang='lat' dir='ltr'>catur,</span> <span class='ocrx_word' id='word_1_42' title='bbox 478 880 855 933; x_wconf 80' lang='lat' dir='ltr'>praesentemque</span> <span class='ocrx_word' id='word_1_43' title='bbox 889 874 1086 933; x_wconf 86' lang='lat' dir='ltr'>aliquem</span> <span class='ocrx_word' id='word_1_44' title='bbox 1119 875 1371 932; x_wconf 84' lang='lat' dir='ltr'>adspiciens</span> <span class='ocrx_word' id='word_1_45' title='bbox 1395 874 1482 918; x_wconf 88' lang='lat' dir='ltr'>sibi</span> 
     </span>
     <span class='ocr_line' id='line_1_9' title="bbox 291 952 1485 1009; baseline 0 -15"><span class='ocrx_word' id='word_1_46' title='bbox 291 952 391 1008; x_wconf 88' lang='lat' dir='ltr'>ipse</span> <span class='ocrx_word' id='word_1_47' title='bbox 407 952 582 1009; x_wconf 88' lang='lat' dir='ltr'>poterit</span> <span class='ocrx_word' id='word_1_48' title='bbox 596 955 852 994; x_wconf 86' lang='lat' dir='ltr'>monstrare</span> <span class='ocrx_word' id='word_1_49' title='bbox 868 952 1008 994; x_wconf 85' lang='lat' dir='ltr'>talem</span> <span class='ocrx_word' id='word_1_50' title='bbox 1025 965 1121 994; x_wconf 88' lang='lat' dir='ltr'>esse</span> <span class='ocrx_word' id='word_1_51' title='bbox 1133 952 1308 1009; x_wconf 88' lang='lat' dir='ltr'>talique</span> <span class='ocrx_word' id='word_1_52' title='bbox 1318 956 1485 995; x_wconf 83' lang='lat' dir='ltr'>natura</span> 
     </span>
     <span class='ocr_line' id='line_1_10' title="bbox 290 1024 1482 1085; baseline -0.001 -14"><span class='ocrx_word' id='word_1_53' title='bbox 290 1024 571 1085; x_wconf 84' lang='lat' dir='ltr'>praeditum,</span> <span class='ocrx_word' id='word_1_54' title='bbox 609 1026 841 1085; x_wconf 77' lang='lat' dir='ltr'>perfectus</span> <span class='ocrx_word' id='word_1_55' title='bbox 875 1026 961 1071; x_wconf 89' lang='lat' dir='ltr'>erit</span> <span class='ocrx_word' id='word_1_56' title='bbox 992 1026 1170 1071; x_wconf 90' lang='lat' dir='ltr'>dicendi</span> <span class='ocrx_word' id='word_1_57' title='bbox 1203 1025 1395 1071; x_wconf 87' lang='lat' dir='ltr'>artifex’&#39;</span> <span class='ocrx_word' id='word_1_58' title='bbox 1421 1028 1482 1079; x_wconf 82' lang='lat'>1).</span> 
     </span>
    </p>

    <p class='ocr_par' dir='ltr' id='par_1_3' title="bbox 292 1100 1481 1315">
     <span class='ocr_line' id='line_1_11' title="bbox 352 1100 1481 1162; baseline 0.001 -15"><span class='ocrx_word' id='word_1_59' title='bbox 352 1100 477 1148; x_wconf 86' lang='lat' dir='ltr'>Haec</span> <span class='ocrx_word' id='word_1_60' title='bbox 510 1109 649 1162; x_wconf 90' lang='lat' dir='ltr'>atque</span> <span class='ocrx_word' id='word_1_61' title='bbox 678 1102 783 1155; x_wconf 89' lang='lat' dir='ltr'>alia,</span> <span class='ocrx_word' id='word_1_62' title='bbox 814 1103 982 1162; x_wconf 87' lang='lat' dir='ltr'>quibus</span> <span class='ocrx_word' id='word_1_63' title='bbox 999 1103 1306 1148; x_wconf 89' lang='lat' dir='ltr'>describendis</span> <span class='ocrx_word' id='word_1_64' title='bbox 1324 1118 1481 1162; x_wconf 91' lang='lat' dir='ltr'>super-</span> 
     </span>
     <span class='ocr_line' id='line_1_12' title="bbox 292 1178 1481 1238; baseline 0 -15"><span class='ocrx_word' id='word_1_65' title='bbox 292 1180 445 1231; x_wconf 83' lang='lat' dir='ltr'>sedeo,</span> <span class='ocrx_word' id='word_1_66' title='bbox 488 1178 679 1237; x_wconf 87' lang='lat' dir='ltr'>pulchre</span> <span class='ocrx_word' id='word_1_67' title='bbox 722 1194 918 1237; x_wconf 90' lang='lat' dir='ltr'>vereque</span> <span class='ocrx_word' id='word_1_68' title='bbox 955 1179 1010 1224; x_wconf 89' lang='lat' dir='ltr'>de</span> <span class='ocrx_word' id='word_1_69' title='bbox 1046 1179 1250 1231; x_wconf 88' lang='lat' dir='ltr'>scientia,</span> <span class='ocrx_word' id='word_1_70' title='bbox 1286 1194 1401 1238; x_wconf 84' lang='lat' dir='ltr'>quae</span> <span class='ocrx_word' id='word_1_71' title='bbox 1434 1179 1481 1223; x_wconf 92' lang='lat' dir='ltr'>in</span> 
     </span>
     <span class='ocr_line' id='line_1_13' title="bbox 292 1253 1275 1315; baseline 0 -15"><span class='ocrx_word' id='word_1_72' title='bbox 292 1261 472 1300; x_wconf 89' lang='lat' dir='ltr'>oratore</span> <span class='ocrx_word' id='word_1_73' title='bbox 503 1257 775 1315; x_wconf 78' lang='lat' dir='ltr'>requiritur,</span> <span class='ocrx_word' id='word_1_74' title='bbox 810 1256 1020 1300; x_wconf 86' lang='lat' dir='ltr'>enuntiat</span> <span class='ocrx_word' id='word_1_75' title='bbox 1054 1253 1275 1300; x_wconf 86' lang='lat' dir='ltr'>Socrates.</span> 
     </span>
    </p>

    <p class='ocr_par' dir='ltr' id='par_1_4' title="bbox 292 1329 1505 1922">
     <span class='ocr_line' id='line_1_14' title="bbox 352 1329 1483 1391; baseline 0 -15"><span class='ocrx_word' id='word_1_76' title='bbox 352 1331 460 1376; x_wconf 81' lang='lat' dir='ltr'>Jam</span> <span class='ocrx_word' id='word_1_77' title='bbox 482 1333 720 1376; x_wconf 83' lang='lat' dir='ltr'>audiamus</span> <span class='ocrx_word' id='word_1_78' title='bbox 742 1329 1021 1384; x_wconf 81' lang='lat' dir='ltr'>Ciceronem,</span> <span class='ocrx_word' id='word_1_79' title='bbox 1045 1331 1170 1390; x_wconf 91' lang='lat' dir='ltr'>apud</span> <span class='ocrx_word' id='word_1_80' title='bbox 1192 1347 1327 1390; x_wconf 90' lang='lat' dir='ltr'>quem</span> <span class='ocrx_word' id='word_1_81' title='bbox 1342 1334 1483 1391; x_wconf 90' lang='lat' dir='ltr'>plura</span> 
     </span>
     <span class='ocr_line' id='line_1_15' title="bbox 293 1404 1505 1468; baseline -0.001 -15"><span class='ocrx_word' id='word_1_82' title='bbox 293 1409 612 1453; x_wconf 87' lang='lat' dir='ltr'>animadversa</span> <span class='ocrx_word' id='word_1_83' title='bbox 632 1410 940 1468; x_wconf 87' lang='lat' dir='ltr'>reperiuntur,</span> <span class='ocrx_word' id='word_1_84' title='bbox 958 1423 1073 1467; x_wconf 90' lang='lat' dir='ltr'>quae</span> <span class='ocrx_word' id='word_1_85' title='bbox 1089 1408 1231 1466; x_wconf 89' lang='lat' dir='ltr'>probe</span> <span class='ocrx_word' id='word_1_86' title='bbox 1247 1415 1484 1453; x_wconf 84' lang='lat' dir='ltr'>teneamus</span> <span class='ocrx_word' id='word_1_87' title='bbox 1501 1404 1505 1407; x_wconf 45' lang='lat'>⁵</span> 
     </span>
     <span class='ocr_line' id='line_1_16' title="bbox 293 1483 1483 1543; baseline -0.001 -15"><span class='ocrx_word' id='word_1_88' title='bbox 293 1491 497 1543; x_wconf 80' lang='lat' dir='ltr'>oportet,</span> <span class='ocrx_word' id='word_1_89' title='bbox 541 1486 692 1529; x_wconf 90' lang='lat' dir='ltr'>veluti</span> <span class='ocrx_word' id='word_1_90' title='bbox 735 1485 866 1529; x_wconf 90' lang='lat' dir='ltr'>haec:</span> <span class='ocrx_word' id='word_1_91' title='bbox 907 1498 1063 1528; x_wconf 81' lang='lat' dir='ltr'>»nemo</span> <span class='ocrx_word' id='word_1_92' title='bbox 1099 1483 1296 1528; x_wconf 89' lang='lat' dir='ltr'>disertus</span> <span class='ocrx_word' id='word_1_93' title='bbox 1327 1484 1377 1527; x_wconf 93' lang='lat' dir='ltr'>in</span> <span class='ocrx_word' id='word_1_94' title='bbox 1409 1499 1483 1534; x_wconf 90' lang='lat' dir='ltr'>eo,</span> 
     </span>
     <span class='ocr_line' id='line_1_17' title="bbox 293 1558 1483 1620; baseline -0.003 -14"><span class='ocrx_word' id='word_1_95' title='bbox 293 1561 417 1620; x_wconf 89' lang='lat' dir='ltr'>quod</span> <span class='ocrx_word' id='word_1_96' title='bbox 443 1558 718 1613; x_wconf 83' lang='lat' dir='ltr'>nesciat&#39;’2);</span> <span class='ocrx_word' id='word_1_97' title='bbox 753 1574 894 1619; x_wconf 75' lang='lat' dir='ltr'>»quae</span> <span class='ocrx_word' id='word_1_98' title='bbox 922 1566 1030 1604; x_wconf 90' lang='lat' dir='ltr'>sunt</span> <span class='ocrx_word' id='word_1_99' title='bbox 1046 1560 1094 1603; x_wconf 89' lang='lat' dir='ltr'>in</span> <span class='ocrx_word' id='word_1_100' title='bbox 1111 1560 1349 1604; x_wconf 90' lang='lat' dir='ltr'>hominum</span> <span class='ocrx_word' id='word_1_101' title='bbox 1364 1561 1483 1611; x_wconf 88' lang='lat' dir='ltr'>vita,</span> 
     </span>
     <span class='ocr_line' id='line_1_18' title="bbox 295 1636 1482 1696; baseline -0.001 -15"><span class='ocrx_word' id='word_1_102' title='bbox 295 1637 448 1682; x_wconf 89' lang='lat' dir='ltr'>omnia</span> <span class='ocrx_word' id='word_1_103' title='bbox 469 1637 693 1696; x_wconf 82' lang='lat' dir='ltr'>quaesita,</span> <span class='ocrx_word' id='word_1_104' title='bbox 718 1637 893 1688; x_wconf 91' lang='lat' dir='ltr'>audita,</span> <span class='ocrx_word' id='word_1_105' title='bbox 921 1637 1057 1687; x_wconf 90' lang='lat' dir='ltr'>lecta,</span> <span class='ocrx_word' id='word_1_106' title='bbox 1086 1636 1338 1694; x_wconf 89' lang='lat' dir='ltr'>disputata,</span> <span class='ocrx_word' id='word_1_107' title='bbox 1367 1643 1482 1680; x_wconf 85' lang='lat' dir='ltr'>trac-</span> 
     </span>
     <span class='ocr_line' id='line_1_19' title="bbox 292 1711 1484 1773; baseline -0.002 -16"><span class='ocrx_word' id='word_1_108' title='bbox 292 1719 408 1768; x_wconf 85' lang='lat' dir='ltr'>tata,</span> <span class='ocrx_word' id='word_1_109' title='bbox 442 1715 618 1773; x_wconf 85' lang='lat' dir='ltr'>agitata</span> <span class='ocrx_word' id='word_1_110' title='bbox 651 1726 744 1757; x_wconf 88' lang='lat' dir='ltr'>esse</span> <span class='ocrx_word' id='word_1_111' title='bbox 776 1712 943 1757; x_wconf 90' lang='lat' dir='ltr'>debent</span> <span class='ocrx_word' id='word_1_112' title='bbox 977 1711 1150 1770; x_wconf 86' lang='lat' dir='ltr'>(futuro</span> <span class='ocrx_word' id='word_1_113' title='bbox 1183 1712 1399 1765; x_wconf 85' lang='lat' dir='ltr'>oratori)”</span> <span class='ocrx_word' id='word_1_114' title='bbox 1416 1711 1484 1770; x_wconf 89' lang='lat'>3);</span> 
     </span>
     <span class='ocr_line' id='line_1_20' title="bbox 295 1788 1484 1847; baseline -0.002 -13"><span class='ocrx_word' id='word_1_115' title='bbox 295 1789 418 1847; x_wconf 89' lang='lat' dir='ltr'>apud</span> <span class='ocrx_word' id='word_1_116' title='bbox 462 1788 663 1833; x_wconf 88' lang='lat' dir='ltr'>homines</span> <span class='ocrx_word' id='word_1_117' title='bbox 709 1790 841 1832; x_wconf 90' lang='lat' dir='ltr'>nulla</span> <span class='ocrx_word' id='word_1_118' title='bbox 882 1803 953 1833; x_wconf 89' lang='lat' dir='ltr'>res</span> <span class='ocrx_word' id='word_1_119' title='bbox 1003 1792 1134 1841; x_wconf 83' lang='lat' dir='ltr'>(est),</span> <span class='ocrx_word' id='word_1_120' title='bbox 1183 1802 1300 1847; x_wconf 88' lang='lat' dir='ltr'>quae</span> <span class='ocrx_word' id='word_1_121' title='bbox 1348 1788 1484 1846; x_wconf 87' lang='lat' dir='ltr'>plura</span> 
     </span>
     <span class='ocr_line' id='line_1_21' title="bbox 295 1862 1198 1922; baseline 0 -14"><span class='ocrx_word' id='word_1_122' title='bbox 295 1864 559 1922; x_wconf 89' lang='lat' dir='ltr'>adjumenta</span> <span class='ocrx_word' id='word_1_123' title='bbox 590 1864 824 1908; x_wconf 85' lang='lat' dir='ltr'>doctrinae</span> <span class='ocrx_word' id='word_1_124' title='bbox 856 1862 1102 1908; x_wconf 87' lang='lat' dir='ltr'>desideret&#39;&#39;</span> <span class='ocrx_word' id='word_1_125' title='bbox 1137 1862 1198 1920; x_wconf 89' lang='lat'>4).</span> 
     </span>
    </p>

    <p class='ocr_par' dir='ltr' id='par_1_5' title="bbox 296 1939 1483 2076">
     <span class='ocr_line' id='line_1_22' title="bbox 355 1939 1483 1994; baseline -0.002 -9"><span class='ocrx_word' id='word_1_126' title='bbox 355 1940 502 1985; x_wconf 90' lang='lat' dir='ltr'>Lubet</span> <span class='ocrx_word' id='word_1_127' title='bbox 538 1940 608 1984; x_wconf 90' lang='lat' dir='ltr'>his</span> <span class='ocrx_word' id='word_1_128' title='bbox 646 1946 809 1985; x_wconf 89' lang='lat' dir='ltr'>testem</span> <span class='ocrx_word' id='word_1_129' title='bbox 849 1939 1015 1985; x_wconf 88' lang='lat' dir='ltr'>addere</span> <span class='ocrx_word' id='word_1_130' title='bbox 1054 1939 1319 1984; x_wconf 85' lang='lat' dir='ltr'>recentioris</span> <span class='ocrx_word' id='word_1_131' title='bbox 1359 1941 1483 1994; x_wconf 87' lang='lat' dir='ltr'>aevi,</span> 
     </span>
     <span class='ocr_line' id='line_1_23' title="bbox 296 2015 1483 2076; baseline -0.001 -16"><span class='ocrx_word' id='word_1_132' title='bbox 296 2017 390 2076; x_wconf 91' lang='lat' dir='ltr'>qui,</span> <span class='ocrx_word' id='word_1_133' title='bbox 409 2031 629 2076; x_wconf 86' lang='lat' dir='ltr'>quaerens</span> <span class='ocrx_word' id='word_1_134' title='bbox 646 2016 702 2060; x_wconf 93' lang='lat' dir='ltr'>de</span> <span class='ocrx_word' id='word_1_135' title='bbox 718 2017 1009 2060; x_wconf 87' lang='lat' dir='ltr'>institutione</span> <span class='ocrx_word' id='word_1_136' title='bbox 1026 2015 1198 2060; x_wconf 88' lang='lat' dir='ltr'>oratori</span> <span class='ocrx_word' id='word_1_137' title='bbox 1213 2015 1462 2060; x_wconf 83' lang='lat' dir='ltr'>necessaria</span> <span class='ocrx_word' id='word_1_138' title='bbox 1473 2050 1483 2066; x_wconf 95' lang='lat'>,</span> 
     </span>
    </p>
   </div>
   <div class='ocr_carea' id='block_1_3' title="bbox 282 2141 540 2148">
    <p class='ocr_par' dir='ltr' id='par_1_6' title="bbox 282 2141 540 2148">
     <span class='ocr_line' id='line_1_24' title="bbox 282 2141 540 2148; baseline 0 808"><span class='ocrx_word' id='word_1_139' title='bbox 282 2141 540 2148; x_wconf 95' lang='lat' dir='ltr'> </span> 
     </span>
    </p>
   </div>
   <div class='ocr_carea' id='block_1_4' title="bbox 297 2207 1486 2538">
    <p class='ocr_par' dir='ltr' id='par_1_7' title="bbox 339 2207 954 2252">
     <span class='ocr_line' id='line_1_25' title="bbox 339 2207 954 2252; baseline -0.002 -11"><span class='ocrx_word' id='word_1_140' title='bbox 339 2209 371 2251; x_wconf 90' lang='lat'>1)</span> <span class='ocrx_word' id='word_1_141' title='bbox 394 2207 544 2242; x_wconf 76' lang='lat' dir='ltr'>Phaedr.</span> <span class='ocrx_word' id='word_1_142' title='bbox 565 2219 599 2252; x_wconf 87' lang='lat' dir='ltr'>p.</span> <span class='ocrx_word' id='word_1_143' title='bbox 622 2208 685 2243; x_wconf 78' lang='lat'>271</span> <span class='ocrx_word' id='word_1_144' title='bbox 707 2207 742 2242; x_wconf 86' lang='lat' dir='ltr'>D</span> <span class='ocrx_word' id='word_1_145' title='bbox 763 2227 806 2234; x_wconf 91' lang='lat'>—</span> <span class='ocrx_word' id='word_1_146' title='bbox 828 2208 892 2243; x_wconf 82' lang='lat'>272</span> <span class='ocrx_word' id='word_1_147' title='bbox 913 2207 954 2241; x_wconf 89' lang='grc' dir='ltr'>Β.</span> 
     </span>
    </p>

    <p class='ocr_par' dir='ltr' id='par_1_8' title="bbox 338 2266 702 2307">
     <span class='ocr_line' id='line_1_26' title="bbox 338 2266 702 2307; baseline 0.005 -9"><span class='ocrx_word' id='word_1_148' title='bbox 338 2267 371 2307; x_wconf 89' lang='lat'>2)</span> <span class='ocrx_word' id='word_1_149' title='bbox 393 2266 449 2300; x_wconf 76' lang='lat' dir='ltr'>De</span> <span class='ocrx_word' id='word_1_150' title='bbox 471 2266 568 2300; x_wconf 73' lang='lat' dir='ltr'>Orat.</span> <span class='ocrx_word' id='word_1_151' title='bbox 591 2268 622 2300; x_wconf 90' lang='lat'>1.</span> <span class='ocrx_word' id='word_1_152' title='bbox 650 2268 702 2300; x_wconf 64' lang='lat' dir='ltr'>14h</span> 
     </span>
    </p>

    <p class='ocr_par' dir='ltr' id='par_1_9' title="bbox 339 2323 699 2365">
     <span class='ocr_line' id='line_1_27' title="bbox 339 2323 699 2365; baseline 0.006 -10"><span class='ocrx_word' id='word_1_153' title='bbox 339 2324 372 2365; x_wconf 88' lang='lat'>3)</span> <span class='ocrx_word' id='word_1_154' title='bbox 394 2323 451 2356; x_wconf 75' lang='lat' dir='ltr'>De</span> <span class='ocrx_word' id='word_1_155' title='bbox 474 2323 570 2357; x_wconf 72' lang='lat' dir='ltr'>Orat.</span> <span class='ocrx_word' id='word_1_156' title='bbox 594 2326 623 2358; x_wconf 98' lang='lat'>3.</span> <span class='ocrx_word' id='word_1_157' title='bbox 648 2326 699 2358; x_wconf 87' lang='lat'>14.</span> 
     </span>
    </p>

    <p class='ocr_par' dir='ltr' id='par_1_10' title="bbox 297 2380 1486 2538">
     <span class='ocr_line' id='line_1_28' title="bbox 339 2380 1486 2424; baseline 0.002 -11"><span class='ocrx_word' id='word_1_158' title='bbox 339 2382 372 2424; x_wconf 81' lang='lat'>4)</span> <span class='ocrx_word' id='word_1_159' title='bbox 394 2380 450 2414; x_wconf 82' lang='lat' dir='ltr'>De</span> <span class='ocrx_word' id='word_1_160' title='bbox 473 2381 568 2415; x_wconf 72' lang='lat' dir='ltr'>Orat.</span> <span class='ocrx_word' id='word_1_161' title='bbox 593 2383 624 2416; x_wconf 88' lang='lat'>3.</span> <span class='ocrx_word' id='word_1_162' title='bbox 647 2383 699 2416; x_wconf 92' lang='lat'>22.</span> <span class='ocrx_word' id='word_1_163' title='bbox 722 2382 787 2417; x_wconf 86' lang='lat' dir='ltr'>Off.</span> <span class='ocrx_word' id='word_1_164' title='bbox 811 2382 855 2416; x_wconf 76' lang='lat' dir='ltr'>de</span> <span class='ocrx_word' id='word_1_165' title='bbox 878 2382 973 2416; x_wconf 72' lang='lat' dir='ltr'>Orat.</span> <span class='ocrx_word' id='word_1_166' title='bbox 998 2383 1028 2416; x_wconf 91' lang='lat'>1.</span> <span class='ocrx_word' id='word_1_167' title='bbox 1052 2383 1111 2421; x_wconf 90' lang='lat'>13,</span> <span class='ocrx_word' id='word_1_168' title='bbox 1136 2382 1165 2415; x_wconf 94' lang='lat'>1.</span> <span class='ocrx_word' id='word_1_169' title='bbox 1190 2382 1247 2421; x_wconf 89' lang='lat'>18,</span> <span class='ocrx_word' id='word_1_170' title='bbox 1271 2382 1302 2415; x_wconf 91' lang='lat'>2.</span> <span class='ocrx_word' id='word_1_171' title='bbox 1321 2382 1373 2422; x_wconf 85' lang='lat'>24,</span> <span class='ocrx_word' id='word_1_172' title='bbox 1390 2383 1421 2416; x_wconf 87' lang='lat'>2.</span> <span class='ocrx_word' id='word_1_173' title='bbox 1433 2384 1486 2422; x_wconf 89' lang='lat'>85,</span> 
     </span>
     <span class='ocr_line' id='line_1_29' title="bbox 297 2439 1484 2480; baseline 0.001 -9"><span class='ocrx_word' id='word_1_174' title='bbox 297 2439 328 2472; x_wconf 90' lang='lat'>2.</span> <span class='ocrx_word' id='word_1_175' title='bbox 341 2439 394 2478; x_wconf 85' lang='lat'>89,</span> <span class='ocrx_word' id='word_1_176' title='bbox 416 2439 446 2472; x_wconf 90' lang='lat'>3.</span> <span class='ocrx_word' id='word_1_177' title='bbox 458 2439 518 2478; x_wconf 91' lang='lat'>31,</span> <span class='ocrx_word' id='word_1_178' title='bbox 541 2440 572 2473; x_wconf 89' lang='lat'>3.</span> <span class='ocrx_word' id='word_1_179' title='bbox 596 2441 655 2479; x_wconf 84' lang='lat'>34,</span> <span class='ocrx_word' id='word_1_180' title='bbox 678 2442 708 2474; x_wconf 89' lang='lat'>3.</span> <span class='ocrx_word' id='word_1_181' title='bbox 732 2442 784 2474; x_wconf 86' lang='lat'>35.</span> <span class='ocrx_word' id='word_1_182' title='bbox 806 2440 907 2475; x_wconf 76' lang='lat' dir='ltr'>Brut.</span> <span class='ocrx_word' id='word_1_183' title='bbox 932 2442 961 2480; x_wconf 85' lang='lat'>6,</span> <span class='ocrx_word' id='word_1_184' title='bbox 984 2441 1037 2474; x_wconf 86' lang='lat'>93.</span> <span class='ocrx_word' id='word_1_185' title='bbox 1060 2439 1157 2474; x_wconf 71' lang='lat' dir='ltr'>Orat.</span> <span class='ocrx_word' id='word_1_186' title='bbox 1180 2440 1261 2480; x_wconf 84' lang='lat'>3,4‚</span> <span class='ocrx_word' id='word_1_187' title='bbox 1283 2440 1335 2479; x_wconf 91' lang='lat'>21,</span> <span class='ocrx_word' id='word_1_188' title='bbox 1359 2441 1410 2479; x_wconf 92' lang='lat'>33,</span> <span class='ocrx_word' id='word_1_189' title='bbox 1433 2441 1484 2473; x_wconf 84' lang='lat'>34.</span> 
     </span>
     <span class='ocr_line' id='line_1_30' title="bbox 298 2495 1003 2538; baseline 0.004 -10"><span class='ocrx_word' id='word_1_190' title='bbox 298 2495 446 2538; x_wconf 76' lang='lat' dir='ltr'>Quintil.</span> <span class='ocrx_word' id='word_1_191' title='bbox 469 2496 586 2529; x_wconf 74' lang='lat' dir='ltr'>1nstit.</span> <span class='ocrx_word' id='word_1_192' title='bbox 611 2497 705 2530; x_wconf 76' lang='lat' dir='ltr'>Orat.</span> <span class='ocrx_word' id='word_1_193' title='bbox 730 2499 760 2531; x_wconf 89' lang='lat'>1.</span> <span class='ocrx_word' id='word_1_194' title='bbox 784 2499 804 2530; x_wconf 92' lang='lat'>2</span> <span class='ocrx_word' id='word_1_195' title='bbox 811 2513 820 2537; x_wconf 62' lang='grc' dir='ltr'><strong><em>ς</em></strong></span> <span class='ocrx_word' id='word_1_196' title='bbox 845 2500 875 2532; x_wconf 83' lang='lat'>5.</span> <span class='ocrx_word' id='word_1_197' title='bbox 898 2499 950 2537; x_wconf 88' lang='lat'>10,</span> <span class='ocrx_word' id='word_1_198' title='bbox 974 2499 1003 2531; x_wconf 92' lang='lat'>1.</span> 
     </span>
    </p>
   </div>
  </div>
 </body>
</html>
