1786 2956
856 315 910 321 —·
1441 306 1481 331 IX

282 423 467 462 doctrinae
509 426 542 459 et
590 421 750 460 cultioris
790 420 956 460 sermonis
996 421 1180 470 scriptioni
1235 434 1329 459 meae
1378 421 1478 459 desit.

287 493 452 530 Attamen
487 490 547 529 ubi
580 494 711 540 temus
746 491 911 540 urgebat,
937 503 1019 528 nwm
1047 489 1137 528 talia
1164 487 1251 528 mibi
1277 502 1480 539 maqnopere

285 560 373 598 vitio
410 560 530 598 danda
566 564 648 597 sunt
655 560 677 597 ,7
717 560 929 606 Praeterea,
957 573 1001 597 ne
1023 559 1144 597 multis
1166 564 1200 597 te
1222 572 1354 605 morer,
1385 559 1479 597 bene-

283 628 400 666 volum
433 632 466 666 te
492 624 563 666 scio
591 629 761 667 lectorem.
787 649 842 660 —--
867 628 1038 680 Equidem
1065 642 1117 665 me
1145 628 1295 679 aliquem
1308 627 1479 678 fructum

278 697 477 746 percepisse
504 698 638 747 confido
665 710 708 735 ex
739 710 860 747 opera,
892 711 994 749 quam
1020 697 1103 735 kuic
1127 697 1289 746 opusculo
1307 696 1480 746 impendi,

276 770 468 815 propterea
509 766 633 814 etiam,
670 767 765 818 quod
798 771 868 805 tam
905 771 1000 805 arcte
1037 767 1197 804 cohaeret
1232 779 1307 803 cum
1341 778 1481 803 munere

282 848 385 872 sacro
425 836 519 886 quod
559 848 637 873 mom
678 835 924 885 auspicaturus
964 848 1049 873 sum.
1106 835 1202 883 Quid
1227 848 1312 884 opus
1333 839 1386 872 est
1415 834 1481 872 tibi

284 903 419 949 dicam,
461 904 503 941 de
538 917 604 954 quo
641 903 781 953 saepius
815 903 978 941 collocuti
1008 916 1144 949 sumus,
1184 916 1237 941 me
1276 903 1315 940 in
1351 902 1480 940 studiis

285 971 475 1010 litterariis
515 972 711 1022 praecipue
746 972 898 1010 animum
922 976 924 978 ’
946 972 1137 1011 attendisse
1187 972 1238 1009 ad
1283 971 1479 1017 vinculum,

284 1041 380 1092 quod
404 1044 456 1078 est
473 1040 568 1079 inter
591 1041 732 1079 litteras
758 1041 979 1080 humaniores
1008 1045 1112 1092 atque
1139 1039 1365 1090 theologiam,
1381 1053 1481 1091 ciffus

285 1108 498 1157 disciplinae
521 1109 732 1158 yravissima
760 1110 880 1158 capita
901 1122 939 1147 eo
943 1109 1093 1158 plenius
1108 1114 1143 1147 et
1157 1108 1292 1146 clarius
1306 1108 1479 1158 explicari

279 1190 382 1225 posse
430 1177 518 1215 mihi
550 1178 733 1224 videntur,
769 1191 834 1229 quo
870 1178 981 1227 maqis
1013 1177 1093 1228 quis
1144 1177 1276 1215 litteris
1317 1177 1477 1215 eruditus

282 1245 340 1283 sit.
423 1246 531 1284 Nune
580 1250 693 1284 autem
750 1247 939 1284 tractanda
993 1247 1060 1283 kae
1116 1245 1315 1296 quaestione
1363 1258 1478 1283 nonne

283 1313 503 1363 aliquantum
552 1313 764 1352 consuluisse
815 1314 880 1351 tibi
920 1314 1040 1351 videor
1081 1314 1210 1351 studiis
1247 1314 1473 1358 homileticis,

282 1394 371 1432 quae
396 1381 596 1431 principem
624 1395 709 1420 sane
739 1386 856 1420 tenent
886 1383 996 1420 locum
1023 1381 1062 1419 in
1090 1381 1264 1431 tlaeoloqia
1277 1380 1478 1431 practica?

283 1446 358 1497 qu
396 1453 487 1486 certe
524 1449 657 1487 clarius
683 1463 776 1487 nunc
805 1450 975 1500 judicare
1014 1450 1101 1486 milii
1141 1449 1263 1487 videor
1303 1450 1346 1486 de
1389 1462 1478 1486 sana

280 1517 480 1569 eloquentia
525 1531 627 1569 quam
662 1517 799 1569 quidem
836 1522 942 1556 antea
951 1535 968 1563 ;
1013 1518 1187 1556 rhetorica
1224 1530 1294 1555 non
1326 1516 1477 1566 amplius

282 1590 406 1632 „terra
438 1586 641 1634 inco‚qnita''
667 1587 755 1624 mibi
781 1591 842 1624 est.
903 1588 1005 1635 Quod
1029 1587 1062 1624 si
1075 1587 1183 1638 forte
1200 1588 1293 1636 fiat,
1322 1591 1362 1624 ut
1393 1586 1479 1623 aliis

282 1654 387 1692 etiam
417 1655 675 1705 aliquantulum
700 1655 832 1704 prosim
853 1655 971 1692 labore
992 1655 1280 1705 meo,pulckrius
1293 1668 1378 1692 sane
1392 1654 1480 1705 quid

281 1722 368 1759 milii
395 1722 527 1760 eveniet
555 1736 657 1773 quam
689 1724 765 1771 ipse
791 1736 932 1771 sperare
959 1723 1080 1760 ausim.

263 1796 266 1798 ’
337 1789 454 1827 Plura
494 1791 537 1828 de
578 1790 825 1828 dissertatione
865 1790 931 1828 tibi
972 1790 1121 1828 dicenda
1148 1803 1218 1828 non
1245 1790 1362 1828 liabeo.
1418 1791 1474 1828 De

281 1858 358 1896 vita
398 1862 512 1897 autem
553 1858 770 1905 academica,
813 1860 863 1896 ad
903 1859 1002 1909 cujus
1039 1860 1167 1897 calcem
1197 1860 1278 1910 jam
1308 1872 1478 1908 perveni,

281 1940 352 1965 non
392 1931 444 1965 est
478 1928 573 1979 quod
593 1928 705 1965 multa
736 1927 800 1965 tibi
827 1927 994 1974 scribam,
1023 1928 1080 1966 cui
1107 1927 1197 1965 satis
1228 1928 1368 1977 coqnita
1396 1932 1479 1966 sunt

281 2009 511 2047 quaecumque
550 1996 590 2033 in
630 1997 694 2033 boc
739 1996 911 2034 curriculo
953 1997 1010 2034 vel
1036 1997 1133 2034 laeta
1159 1997 1217 2034 vel
1245 1997 1365 2034 tristia
1391 1996 1479 2033 milti

282 2065 496 2103 acciderunt.
553 2066 667 2116 Atque
707 2065 783 2103 noti
819 2069 901 2103 sunt
936 2065 1002 2103 tibi
1027 2070 1294 2114 praeceptores,
1335 2079 1480 2116 quorum

281 2132 502 2170 institutione
538 2132 598 2169 Mc
629 2132 684 2169 uti
710 2132 797 2169 milii
824 2132 949 2178 licuit,
975 2133 1049 2169 sive
1076 2133 1115 2169 in
1142 2133 1274 2170 litteris
1304 2137 1338 2170 et
1357 2134 1479 2182 philo-

281 2201 406 2250 sophia
441 2200 515 2239 sive
554 2200 594 2237 in
635 2200 817 2249 tkeoloqia.
887 2200 1001 2238 Probe
1036 2200 1106 2238 scis
1147 2213 1200 2239 me
1231 2200 1477 2252 frequentasse

282 2268 447 2307 lectiones
487 2268 668 2307 solidioris
708 2268 889 2306 doctrinae
917 2269 1049 2318 plenas
1085 2268 1157 2305 viri
1185 2270 1270 2306 clar.
1300 2281 1477 2307 KARSTEN.

280 2337 354 2375 Hic
372 2342 553 2387 promotor
579 2350 673 2376 meus
701 2337 1029 2384 aestumatissimus,
1057 2338 1155 2388 cujus
1183 2339 1302 2376 domus
1319 2338 1476 2390 quotidie

282 2404 369 2442 mibi
398 2405 543 2454 patuit,
584 2419 686 2456 quwm
727 2406 777 2443 ad
802 2406 1080 2444 dissertationem
1115 2407 1394 2444 conscribendam
1427 2420 1478 2443 me

282 2473 441 2520 accinxi,
469 2488 538 2527 qua
557 2478 612 2514 est
629 2474 808 2522 comitate,
827 2488 894 2513 non
916 2479 1050 2514 tantum
1069 2475 1227 2514 consiliis
1243 2476 1388 2522 dandis,
1417 2476 1480 2513 sed
