1786 2956
877 306 937 350 44

309 442 550 500 eloquens,
594 441 641 485 in
686 455 821 499 quem
865 441 1106 485 conveniat
1138 439 1258 484 illud
1298 440 1503 499 »copiose

309 517 461 563 dicere
496 532 600 562 cum
633 514 890 576 sapientia.”
1220 525 1222 528 ⁴

371 594 487 639 Prae
525 595 686 638 ceteris
724 607 836 637 suae
869 594 1036 638 aetatis
1071 593 1333 638 oratoribus
1367 595 1504 652 longe

310 670 529 714 excelluit
558 669 755 714 Pericles
794 669 1003 722 scientia,
1022 668 1266 714 audiverat
1282 670 1503 714 nimirum

308 736 655 804 Anaxagoram,
689 744 771 803 qui
803 760 907 790 eum
939 744 1277 804 philosophiam
1305 745 1504 790 edocuit.

313 841 328 858 n
339 818 488 873 Quum
512 822 634 865 enim
650 820 890 873 incidisset,
907 821 975 866 ita
991 819 1201 866 Socrates
1216 823 1267 865 in
1284 820 1503 872 Phaedro,

304 896 354 940 in
392 895 744 956 Anaxagoram,
788 898 943 941 virum
980 898 1102 941 celso
1143 897 1329 957 ingenio
1374 911 1504 955 prae-

306 972 476 1025 ditum,
525 973 791 1018 sublimium
833 988 991 1018 rerum
1034 973 1187 1017 studio
1233 980 1279 1018 et
1313 966 1504 1018 scientia

304 1049 578 1101 instructus,
614 1055 660 1093 et
693 1050 750 1094 ad
782 1056 954 1094 rectam
987 1049 1211 1094 rationem
1227 1050 1366 1109 idque
1383 1049 1505 1109 quod

305 1127 413 1169 huic
456 1127 740 1170 contrarium
773 1132 843 1170 est
876 1126 1251 1185 perspiciendum
1283 1126 1504 1170 adductus

305 1205 381 1255 (ἐπὶ
419 1208 528 1253 φύσιν
562 1208 627 1245 νοῦ
664 1220 703 1243 τε
733 1206 797 1243 καὶ
823 1205 956 1250 ἀνοίας
982 1206 1234 1257 ἀφικόμενος),
1268 1203 1432 1262 quibus
1449 1203 1505 1247 de

304 1278 442 1324 rebus
476 1279 703 1337 copiosius
738 1278 1004 1338 disputabat
1037 1278 1366 1339 Anaxagoras,
1397 1280 1505 1324 hinc

305 1355 363 1400 ad
391 1360 585 1411 ῥητορικὴν
614 1355 822 1401 adhibuit
839 1370 957 1415 quae
971 1355 1081 1401 huic
1098 1354 1420 1402 convenirent’'
1441 1358 1504 1410 1).

366 1433 422 1476 In
456 1432 615 1477 eodem
642 1433 825 1490 dialogo
854 1435 1143 1491 praecipiens
1161 1432 1369 1477 Phaedro
1387 1448 1505 1491 quae

305 1515 465 1553 orator
494 1507 751 1553 necessario
785 1508 903 1551 scire
931 1508 1117 1560 debeat,
1134 1509 1262 1553 ducit
1278 1510 1428 1568 ipsum
1446 1509 1504 1553 ad

302 1585 540 1646 graviores
569 1583 832 1629 dialecticae
863 1584 1161 1644 quaestiones.
1202 1582 1315 1640 »Qui
1348 1590 1502 1630 orator

301 1663 360 1707 sit
402 1664 610 1715 futurus,
654 1675 760 1704 eum
791 1661 906 1704 scire
939 1668 1144 1719 oportet,
1179 1663 1355 1706 animus
1390 1670 1503 1721 quot

299 1740 473 1798 species
505 1735 696 1788 habeat3
729 1735 813 1781 hae
848 1743 1003 1782 autem
1036 1743 1145 1783 sunt
1171 1738 1380 1783 diversae
1416 1753 1499 1782 nu-

300 1829 428 1859 mero
469 1821 515 1858 et
548 1815 694 1859 forma
726 1816 832 1866 (τόσα
862 1818 926 1855 καὶ
954 1820 1058 1863 τόσα,
1089 1819 1152 1855 καὶ
1182 1820 1267 1855 τοῖα
1294 1819 1358 1855 καὶ
1386 1817 1498 1867 τοῖα),

301 1890 422 1935 unde
445 1890 493 1934 hi
526 1892 662 1942 tales,
696 1891 769 1934 illi
801 1890 919 1934 tales
952 1888 1204 1941 exsistunt3
1238 1902 1382 1946 quum
1413 1888 1501 1931 hae

302 1968 475 2025 species
507 1966 578 2011 ita
606 1966 849 2010 distinctae
882 1972 1015 2016 sunt,
1039 1966 1304 2008 orationum
1321 1978 1501 2022 quoque

301 2049 372 2088 tot
415 2049 524 2087 sunt
567 2042 738 2102 species
783 2047 829 2086 et
857 2042 1107 2101 unicuique
1136 2055 1219 2085 sua
1246 2046 1315 2085 est
1343 2040 1500 2084 forma.

302 2118 333 2163 J
337 2136 410 2163 am
426 2122 544 2164 tales
562 2119 766 2163 homines
782 2119 866 2163 tali
883 2120 1092 2163 oratione
1108 2120 1227 2162 hanc
1244 2118 1302 2161 ob
1320 2131 1502 2160 causam

304 2196 360 2240 ad
407 2195 491 2240 hoc
533 2197 690 2241 faciles
734 2202 842 2240 sunt
876 2195 1075 2240 adductu
1109 2195 1349 2249 (εὐπειθεῖς),
1381 2194 1498 2237 tales

303 2287 414 2316 vero
457 2272 574 2316 hanc
606 2274 664 2318 ob
699 2287 879 2317 causam
913 2271 1147 2322 difficiles3
1181 2274 1358 2328 oportet
1390 2284 1499 2328 ergo

303 2350 458 2400 illum,
488 2364 632 2407 quum
657 2350 770 2394 haec
800 2350 955 2392 omnia
971 2352 1121 2392 mente
1139 2352 1314 2396 teneat,
1338 2345 1499 2390 deinde

346 2536 377 2577 1)
400 2533 551 2568 Phaedr.
574 2544 607 2576 p.
632 2532 697 2566 270
718 2533 760 2565 A.
