1786 2956
835 335 891 376 59

260 472 441 515 ratione
458 469 675 526 omnique
693 474 789 512 arte
806 468 1055 512 dialectica.
1082 465 1296 511 Ostendit
1314 467 1456 526 igitur

260 545 469 590 Socrates
517 545 732 602 primum,
782 544 934 588 deesse
969 545 1018 587 in
1051 543 1256 586 oratione
1289 543 1455 602 Lysiae

258 620 565 665 definitionem
625 621 710 672 rei,
771 621 826 664 de
882 635 971 679 qua
1032 622 1204 679 agitur3
1268 619 1453 673 deinde,

258 697 513 756 neglexisse
545 696 748 757 Lysiam,
783 698 904 757 quod
938 704 1089 741 orator
1118 696 1454 740 animadvertat

258 780 462 832 oportet,
512 774 560 817 id
608 774 663 819 de
696 790 785 833 quo
830 775 1166 834 disceptaturus
1223 781 1291 818 est
1337 775 1456 817 sitne

257 853 575 906 ἀμφισβητήσιμον
636 866 787 896 necne.
862 851 1085 910 Deinceps
1149 853 1213 894 sic
1275 850 1454 909 pergit:

265 925 513 977 »Attende‚
550 943 575 970 o
609 927 832 978 Phaedre,
874 929 930 971 ad
970 929 1085 971 hanc
1124 928 1374 970 orationem
1408 934 1456 970 et

258 1001 375 1052 vide,
390 1003 616 1059 quomodo
630 1002 789 1061 Lysias
802 1019 893 1046 non
908 1004 964 1047 ab
977 1003 1111 1047 initio
1122 1017 1322 1053 exorsus,
1336 1002 1417 1046 sed
1429 1018 1454 1045 a

259 1077 381 1120 calce
415 1086 736 1138 argumentum
769 1081 898 1138 quasi
925 1085 1179 1123 retrorsum
1212 1084 1455 1121 transnare

258 1163 467 1208 conetur,
502 1162 639 1215 atque
667 1156 929 1201 exordiatur
958 1157 1014 1201 ab
1047 1156 1104 1200 iis
1139 1171 1253 1215 quae
1284 1156 1330 1199 in
1364 1156 1453 1198 fine

259 1232 440 1277 demum
479 1234 694 1278 orationis
728 1241 902 1278 amator
927 1241 1073 1277 amato
1107 1235 1313 1277 dicturus
1342 1240 1452 1277 erat.

257 1308 687 1365 Praeterea‚nonne
716 1317 885 1355 temere
919 1310 1133 1368 disjectae
1166 1309 1250 1353 tibi
1289 1308 1452 1353 viden-

255 1391 333 1428 tur
367 1393 543 1430 ceterae
577 1388 800 1430 orationis
828 1388 1013 1444 partes?
1062 1386 1224 1430 Nonne
1267 1392 1453 1443 oportet

258 1475 481 1520 quamque
525 1462 776 1506 orationem
809 1464 878 1506 ita
913 1464 1206 1520 compositam
1249 1476 1346 1505 esse
1387 1461 1454 1504 uti

257 1540 367 1591 ζῷον,
397 1552 479 1580 suo
508 1539 634 1595 quasi
666 1554 853 1597 corpore
871 1545 915 1581 et
931 1541 1081 1597 figura
1097 1539 1382 1596 praeditum,
1401 1545 1453 1581 ut

257 1628 338 1658 nec
372 1615 520 1673 capite
543 1620 696 1659 careat
719 1630 803 1659 nec
826 1609 1034 1674 pedibus,
1069 1621 1202 1674 atque
1228 1613 1376 1659 media
1404 1620 1449 1658 et

257 1696 463 1733 extrema
494 1690 659 1734 habeat
689 1691 811 1734 inter
844 1706 892 1735 se
924 1698 970 1734 et
1019 1706 1121 1734 cum
1159 1698 1254 1734 toto
1288 1706 1451 1734 conve-

255 1765 432 1810 nientia
449 1773 647 1825 apteque
675 1765 949 1826 descripta?”
987 1766 1032 1825 1)
1066 1766 1282 1826 Denique,
1301 1767 1451 1811 oratio

201 1897 204 1900 ,
256 1841 418 1901 Lysiae
447 1844 702 1902 comparari
734 1850 885 1902 potest
921 1859 1021 1887 cum
1050 1845 1283 1902 epitaphio
1302 1843 1452 1887 Midae

256 1919 466 1978 Phrygis:

300 2140 332 2181 1)
356 2138 423 2172 Oui
445 2138 569 2173 haecce
592 2139 725 2184 legenti
747 2152 817 2174 non
840 2142 877 2175 in
895 2145 1049 2176 mentem
1068 2141 1164 2175 venit
1184 2141 1285 2175 locus
1310 2140 1452 2174 Horatii

255 2197 292 2229 in
314 2197 417 2240 Epist
439 2197 484 2230 ad
505 2198 651 2232 Pisones
673 2200 781 2242 princ.

384 2255 548 2289 Humano
571 2257 676 2299 capiti
699 2259 868 2292 cervicem
890 2258 1004 2300 pictor
1028 2259 1191 2300 equinam

383 2312 409 2345 J
410 2324 541 2356 ungere
566 2315 595 2347 si
616 2314 719 2354 velit,
744 2318 780 2348 et
801 2315 911 2348 varias
934 2315 1101 2349 inducere
1124 2316 1278 2359 plumas,

386 2370 555 2413 Undique
578 2371 712 2405 collatis
734 2373 914 2411 membris,
937 2376 978 2405 ut
1000 2372 1154 2415 turpiter
1176 2376 1292 2406 atrum

383 2428 531 2463 Desinat
553 2431 591 2464 in
611 2431 742 2474 piscem
763 2431 891 2465 mulier
913 2431 1064 2465 formosa
1086 2442 1236 2475 superne
1260 2435 1325 2465 etc.

256 2486 319 2518 Off.
357 2486 460 2519 etiam
494 2488 645 2521 Aristot.
681 2489 782 2523 Poet.
809 2492 839 2529 8,
863 2490 882 2534 ἓ
905 2492 941 2529 3,
972 2490 1118 2534 Dionys.
1149 2488 1324 2523 Halicarn.
1368 2490 1448 2522 Art.

254 2544 343 2577 rhet.
368 2545 426 2584 10,
450 2544 468 2588 §
493 2547 529 2584 6,
554 2546 722 2587 Quinctil.
768 2548 886 2583 Instit.
909 2549 1005 2583 Orat.
1030 2548 1059 2583 ’7.
1079 2548 1189 2592 praef.
1212 2548 1232 2587 ξ
1255 2549 1285 2581 2.
