1786 2956
869 345 925 387 38

294 477 402 521 inde
429 479 687 529 vinculum,
706 479 830 536 quod
846 480 968 523 inter
985 493 1086 522 eam
1115 484 1254 535 atque
1283 479 1348 518 τὸν
1376 478 1494 529 ἔρωτα

293 556 465 606 οὐράνιον
496 553 757 609 intercedit,
789 554 1030 597 manifesto
1064 558 1204 610 patet.

352 627 413 672 Et
459 629 686 686 profectO,
736 644 880 686 quum
930 627 1141 673 Socrates
1187 632 1297 678 φύσιν
1341 629 1493 671 inesse

292 704 406 748 velit
452 705 501 746 in
551 710 756 754 oratore,
805 705 943 761 hujus
989 710 1127 755 φύσεως
1171 704 1251 747 ille
1293 704 1492 746 maxime

288 779 522 837 particeps
567 778 676 834 erit,
725 780 804 837 qui
849 778 1008 823 studio
1042 779 1174 824 ardet
1221 778 1492 837 assequendi

287 854 533 913 aliquando
550 855 676 913 quod
691 870 865 906 verum,
883 856 1130 914 pulchrum
1147 861 1193 898 et
1205 855 1381 899 bonum
1399 860 1488 909 est3

286 932 367 989 qui
399 936 463 973 τοῦ
495 934 630 985 ἔρωτος
662 935 838 986 οὐρανίου
872 932 1035 975 afflatu
1064 931 1281 975 incitatus
1300 930 1388 974 tria
1404 930 1490 974 illa

288 1014 491 1065 appetat3
505 1009 574 1065 cuj
582 1023 633 1052 us
645 1008 845 1067 denique
859 1007 1035 1051 animus
1048 1007 1096 1051 in
1109 1007 1289 1066 agmine
1300 1007 1491 1051 deorum

288 1084 444 1125 πλεῖστα
495 1086 585 1126 ἰδὼν
626 1089 774 1135 φυτεύει
817 1088 867 1131 εἷς
907 1089 1021 1134 γονὴν
1068 1085 1202 1137 ἀνδρὸς
1248 1085 1492 1135 γενησομένου

291 1161 493 1211 φιλοσόφου
520 1165 545 1211 ἤ
570 1160 775 1217 φιλοκάλου
802 1165 827 1210 ἤ
846 1165 1019 1210 μουσικοῦ
1036 1176 1136 1207 τινος
1152 1164 1214 1200 καὶ
1231 1164 1404 1213 ἐρωτικοῦ
1427 1162 1489 1212 l).

350 1234 538 1293 Saepius
589 1234 799 1279 Socrates
847 1237 1055 1292 loquitur
1104 1234 1161 1278 de
1209 1235 1361 1278 indole
1407 1235 1491 1278 illa

286 1310 579 1370 philosopha,
630 1325 750 1369 quae
796 1311 948 1356 studio
990 1311 1289 1370 cognoscendi
1322 1316 1370 1353 τὰ
1396 1316 1492 1354 ὄντα

285 1387 400 1431 nihil
463 1402 557 1431 non
622 1387 744 1447 quod
792 1386 976 1447 cognitu
1028 1386 1223 1447 dignum
1269 1388 1330 1431 sit
1384 1401 1488 1431 con-

286 1466 417 1508 tinuo
462 1466 658 1522 arripiat
707 1472 753 1508 et
796 1465 1065 1522 investiget3
1100 1480 1191 1522 qua
1222 1465 1376 1508 indole
1409 1464 1491 1522 qui

288 1538 492 1598 praediti
506 1546 631 1595 sunt,
648 1540 816 1583 horum
833 1540 1012 1583 animus
1033 1540 1195 1583 similis
1219 1545 1289 1584 est
1305 1539 1491 1584 tabulae

287 1632 393 1661 cera
436 1615 660 1659 obductae
702 1616 954 1673 profunda,
1001 1617 1117 1667 levi,
1158 1622 1337 1667 tenera,
1372 1631 1490 1674 quae

288 1692 420 1751 signa
466 1691 684 1750 impressa
732 1693 855 1737 clare
904 1691 1207 1751 distincteque
1249 1691 1411 1751 recipit
1443 1698 1490 1736 et

288 1768 365 1813 diu
410 1775 565 1813 servat
610 1768 754 1822 (unde
779 1769 940 1825 jocans
975 1771 1075 1823 κέαρ,
1109 1783 1180 1813 cor
1209 1784 1241 1813 s.
1276 1769 1488 1825 animum,

289 1862 317 1890 a
349 1851 477 1900 κῆρος,
506 1859 611 1896 cera,
644 1845 993 1889 denominatum
1026 1846 1183 1904 facit);
1202 1852 1403 1904 suntque
1419 1845 1490 1890 illi

288 1924 490 1980 primum
507 1920 688 1972 dociles,
706 1928 805 1964 tum
821 1936 1059 1976 memores,
1078 1927 1178 1965 tum
1195 1923 1335 1966 etiam
1353 1936 1490 1973 acreS‚

290 1999 370 2056 qui
430 2013 523 2041 non
589 1998 874 2041 confundant
926 2012 1146 2042 sensuum
1194 1997 1362 2042 indicia
1414 1998 1492 2042 sed

286 2088 398 2118 vera
431 2090 458 2118 a
490 2075 619 2118 falsis
653 2080 788 2118 acute
820 2075 1080 2118 discernant
1114 2076 1178 2127 2).

350 2149 475 2195 Haec
509 2156 577 2195 est
614 2153 763 2210 igitur
796 2150 1085 2209 philosophia
1123 2159 1170 2206 τῇ
1197 2158 1301 2203 φύσει
1333 2151 1488 2206 insita,

289 2241 407 2285 quae
455 2227 659 2271 cernitur
709 2228 756 2270 in
799 2228 856 2271 iis
914 2229 994 2285 qui
1057 2234 1164 2270 sunt
1207 2233 1273 2279 τῆς
1308 2228 1490 2280 ἀληθείας

289 2304 556 2356 φιλοθεάμονες
573 2304 644 2356 3);
671 2305 829 2362 qualia
846 2305 1033 2364 ingenia
1050 2303 1183 2348 facile
1207 2318 1258 2347 ac
1276 2308 1488 2362 prompte

332 2440 363 2480 1)
389 2438 539 2471 Phaedr.
563 2450 596 2481 p.
620 2439 684 2471 248
709 2439 752 2471 D.

329 2498 362 2539 2)
387 2497 530 2531 Theaet.
555 2508 587 2539 p.
613 2498 654 2530 19
678 2498 720 2535 Ο,
745 2498 790 2531 D.

330 2557 361 2596 3)
386 2555 440 2587 De
464 2554 552 2596 Rep.
577 2566 609 2597 p.
634 2555 697 2587 475
721 2555 769 2593 D,
794 2556 835 2587 E.
