1786 2956
768 681 964 728 CAPUT
1000 684 1079 728 III.

561 847 633 877 DE
678 846 906 878 SANCTO
951 847 1021 877 ET
1066 846 1297 879 D1V1NO.

797 1016 1052 1041 ——oosszossoo—

393 1166 547 1223 Quum
580 1169 621 1208 τὸ
646 1170 749 1210 ὅσιον
782 1170 1066 1229 appellemus
1095 1168 1143 1213 id
1171 1167 1293 1228 quod
1317 1169 1366 1212 in
1384 1168 1523 1213 rebus

330 1248 543 1291 humanis
577 1246 633 1291 ab
667 1247 793 1290 omni
819 1246 936 1290 vitio
969 1252 1013 1290 et
1043 1248 1278 1304 pravitate
1294 1251 1525 1290 remotum

330 1328 412 1378 est,
434 1322 565 1367 facile
581 1322 858 1382 intelligitur
874 1323 1062 1366 notione
1089 1325 1153 1362 τοῦ
1179 1323 1280 1362 ὁσίου
1300 1322 1524 1365 contineri

330 1413 490 1443 verum
507 1406 553 1443 et
570 1400 813 1458 pulchrum
830 1404 875 1443 et
891 1397 1078 1450 bonum,
1095 1413 1189 1442 una
1205 1398 1392 1442 notione
1406 1413 1524 1442 com-

329 1476 575 1534 prehensa,
620 1475 1003 1534 quemadmodum
1040 1478 1082 1516 τὸ
1108 1478 1254 1526 πνεῦμα
1289 1474 1335 1532 1)
1364 1491 1459 1519 una
1482 1481 1526 1520 et

330 1558 543 1596 concreta
558 1552 743 1596 notione
767 1552 973 1596 continet
999 1566 1053 1596 ea
1086 1566 1205 1610 quae
1224 1550 1434 1606 seiuncta
1452 1568 1523 1596 ra-

329 1628 519 1680 tionem,
538 1628 883 1684 conscientiam,
901 1630 1190 1673 voluntatem
1205 1630 1426 1673 moralem
1443 1644 1523 1687 ap-

328 1707 502 1764 pellare
527 1708 738 1750 solemus,
770 1704 851 1750 Uti
869 1711 1016 1758 πιιεῦμα
1029 1720 1245 1750 vocamus
1263 1705 1394 1764 quasi
1409 1705 1523 1765 ⁴ady-

329 1788 431 1826 tum
449 1782 607 1833 animi,
625 1783 695 1826 ita
710 1797 803 1831 non
819 1782 994 1826 minore
1004 1781 1111 1840 jure
1127 1784 1169 1821 τὸ
1188 1785 1289 1823 ὅσιον
1302 1787 1523 1840 tanquam

328 1860 474 1903 trium
511 1859 697 1903 illorum
743 1859 1076 1919 principiorum
1115 1860 1402 1918 complexum
1440 1864 1525 1902 sta-

329 1941 461 1980 tuere
491 1935 610 1980 licet.
643 1935 731 1980 Per
758 1941 967 1981 sanctum
983 1937 1221 1980 evehimur
1239 1935 1297 1980 ad
1313 1934 1523 1980 divinum

330 2012 520 2071 ejusque
563 2026 715 2056 amore
759 2012 1046 2057 incendimur
1078 2018 1124 2057 et
1159 2011 1520 2056 exardescimus:

329 2103 567 2147 quousque
615 2091 654 2134 si
701 2089 937 2148 pervenire
986 2088 1125 2133 alicui
1174 2089 1432 2146 contingat,
1484 2090 1523 2132 is

327 2179 553 2211 summum
566 2167 775 2227 attigerit
786 2167 923 2211 etiam
934 2166 984 2210 in
1001 2165 1261 2224 eloquentia
1272 2165 1521 2225 fastigium.

392 2242 446 2286 In
496 2241 682 2288 Socrate
728 2243 846 2287 nihil
894 2249 961 2287 est
1010 2241 1136 2301 quod
1183 2242 1329 2301 magis
1372 2242 1522 2288 elucet

371 2408 402 2449 1)
425 2406 504 2439 Hoc
529 2410 582 2439 est
603 2410 765 2440 nostrum
785 2409 958 2451 qemoed,
971 2419 1041 2451 qua
1052 2407 1302 2451 significatione
1313 2407 1520 2441 vocabulum

327 2471 449 2514 πνεῦμα
471 2468 623 2512 primum
645 2470 797 2504 occurrit
817 2470 911 2513 apud
936 2470 1122 2514 scriptores
1146 2469 1369 2503 Christianos.
