1786 2956
871 318 926 360 22

299 450 542 508 pulchrum
586 457 676 501 cst,
718 451 840 508 quod
872 451 1076 494 cernitur
1110 451 1156 494 in
1190 451 1500 510 simplicitate,

295 528 645 586 perspicuitate,
694 527 818 570 claro
866 541 1019 571 rerum
1069 534 1115 571 et
1163 530 1497 588 cogitationum

296 605 478 658 ordine,
528 606 713 648 interna
756 603 956 661 denique
1000 606 1225 648 orationis
1259 606 1499 649 harmonia

296 696 348 724 ac
380 682 667 740 symmetria,
701 681 786 723 hoc
818 679 874 723 iis
906 679 1075 724 deerat.

353 757 461 800 Alia
504 758 641 815 plane
690 757 840 799 forma
884 756 1110 799 orationis
1145 757 1370 801 utebatur
1418 756 1493 801 So-

288 839 445 877 crates,
526 830 806 876 Evolvamus
867 833 1217 877 commentarios
1277 832 1403 877 illius
1466 851 1493 877 a

288 910 594 968 Xenophonte
637 910 848 967 scriptos,
894 911 972 967 qui
1016 909 1148 954 nobis
1182 910 1494 968 incorruptam

289 992 428 1044 atque
489 986 712 1030 sinceram
770 985 915 1045 ipsius
963 973 1248 1044 eloquentiae
1296 987 1494 1045 speciem

287 1063 534 1120 praebent3
585 1064 744 1106 statim
787 1077 870 1105 nos
914 1062 1114 1106 advertit
1159 1069 1205 1106 ct
1238 1063 1360 1121 capit
1391 1064 1492 1107 sim·

286 1140 465 1198 plicitas
484 1138 717 1198 quaedam,
730 1140 829 1183 sine
846 1139 969 1191 fuce,
986 1140 1083 1183 sine
1099 1139 1325 1200 ampullis,
1339 1141 1387 1184 in
1401 1156 1494 1199 qua

286 1218 404 1259 nihil
435 1215 579 1266 deest,
612 1216 726 1258 nihil
750 1215 970 1268 abundat,
989 1216 1141 1259 omnia
1158 1216 1310 1259 lucido
1329 1217 1493 1261 ordine

286 1292 541 1351 procedunt
563 1292 784 1351 justoque
817 1308 943 1336 nexu
977 1293 1236 1337 cohaerent.
1272 1290 1360 1337 Sed
1379 1293 1494 1337 haec

285 1370 451 1413 melius
495 1376 541 1413 et
586 1370 773 1427 plenius
817 1369 1063 1426 persentiri
1108 1376 1299 1427 possunt
1334 1371 1491 1427 ipsum

290 1445 646 1504 Xenophontem
683 1446 883 1504 legenti,
922 1460 1060 1503 quam
1090 1452 1141 1489 ut
1171 1446 1385 1504 pluribus
1416 1447 1492 1489 hie

286 1523 440 1566 verbis
474 1537 589 1580 opus
624 1523 698 1566 sit.

354 1597 499 1652 Quam
560 1600 655 1643 acri
703 1598 839 1643 Plato
897 1600 1075 1643 valeret
1124 1612 1259 1643 sensu
1308 1599 1491 1658 pulchri

283 1684 328 1720 et
364 1692 501 1734 quam
534 1676 717 1720 ardenti
736 1677 836 1733 ejus
870 1691 1023 1720 amore
1051 1675 1291 1735 flagraret,
1325 1682 1489 1720 testan-

284 1762 360 1795 tur
410 1754 559 1810 ipsius
609 1754 805 1810 scripta,
856 1752 1022 1810 quibus
1072 1752 1183 1809 quid
1231 1752 1489 1810 pulchrius,

282 1830 397 1888 quid
424 1829 637 1873 omnibus
665 1831 868 1873 numeris
891 1829 1160 1887 perfectius,
1180 1829 1300 1886 quod
1323 1830 1490 1873 attinet

287 1906 344 1949 ad
378 1907 597 1955 formam,
633 1906 887 1964 excogitari
921 1912 1073 1963 potest
1110 1905 1192 1957 13?

346 1982 452 2028 Jam
505 1998 615 2027 vero
660 1982 779 2026 illud
828 1983 1095 2041 pulchrum,
1145 1981 1266 2041 quod
1320 1999 1346 2025 a
1400 1981 1487 2025 diis

283 2067 500 2119 precatur
561 2058 792 2111 Socrates
842 2075 988 2118 quum
1035 2059 1194 2104 sedens
1243 2059 1302 2103 ad
1362 2059 1486 2118 ripas

294 2136 413 2181 Ilissi
455 2136 664 2181 Phaedro
698 2137 899 2181 ostendit
930 2139 1074 2186 viam,
1104 2151 1222 2194 quae
1252 2134 1309 2178 ad
1334 2150 1488 2178 veram

289 2214 596 2271 eloquentiam
638 2214 787 2257 ducit:
835 2211 864 2252 ὦ
907 2213 989 2264 φίλε
1035 2218 1124 2252 Πάν
1178 2228 1217 2251 τε
1268 2215 1330 2250 καὶ
1378 2210 1485 2250 ἄλλοι

327 2379 359 2419 1)
384 2377 509 2415 „Plato
533 2377 636 2420 longe
662 2378 828 2414 omnium,
846 2377 1060 2418 quicumque
1074 2375 1289 2417 scripserunt
1304 2377 1365 2406 aut
1376 2373 1486 2406 locuti

280 2438 372 2473 sunt,
398 2435 568 2467 suavitate
587 2436 779 2477 princeps.”
800 2435 869 2466 Cic.
889 2435 984 2466 Orat.
1001 2435 1050 2465 19.
1065 2432 1212 2471 „Jovem
1224 2432 1311 2465 adeo
1324 2432 1486 2465 dicebant

276 2497 413 2526 veteres
449 2493 665 2537 philosophi,
703 2493 729 2525 si
766 2503 886 2534 graece
931 2491 1155 2534 loqueretur,
1186 2491 1232 2523 sie
1257 2490 1385 2534 loqui.''
1430 2489 1484 2522 De

275 2554 371 2586 Orat.
396 2553 425 2586 Ι.
451 2554 502 2586 32.
