1786 2956
841 301 897 344 ⁷8

324 436 399 482 Ad
436 437 549 481 haec
582 437 950 483 animadvertere
990 450 1139 496 pauca
1170 436 1281 487 mihi
1313 438 1464 488 liceat.

262 513 318 557 In
363 513 563 559 introitu
602 514 893 558 desideratur
943 515 1131 558 omnino
1175 514 1466 574 eloquentiae

261 590 489 641 definitio,
533 604 648 648 quae
691 596 814 639 certe
856 589 1028 648 requiri
1085 589 1268 640 videtur
1320 591 1466 650 prius-

263 682 404 725 quam
448 667 506 711 ad
546 668 663 710 artis
706 667 935 711 theoriam
973 667 1250 712 accedamus.
1312 666 1466 720 Quare

261 743 300 788 si
344 743 444 802 quis
489 743 636 788 denuo
682 743 757 789 ad,
776 741 862 791 hoo
894 757 1012 802 opus
1044 743 1384 788 retractandum
1417 757 1466 787 se

261 820 540 878 accingeret,
588 819 848 863 laudandus
898 825 1039 871 esset,
1090 820 1129 863 si
1167 821 1218 863 in
1250 821 1461 878 prolego-

260 897 407 941 menis
472 894 642 940 claram
698 901 888 955 poneret
954 896 1311 956 explicationem
1372 897 1463 946 elo-

262 975 478 1031 quentiae
509 973 749 1032 ipsiusque
787 972 1131 1031 principiorum.

321 1048 536 1109 Magnam
568 1049 760 1094 afferret
794 1063 975 1108 quoque
1007 1049 1276 1101 utilitatem,
1310 1048 1348 1093 si
1364 1047 1462 1092 rhe-

259 1126 452 1171 toricam
504 1126 881 1185 praegrederetur
939 1125 1095 1172 brevis
1144 1133 1191 1170 et
1223 1126 1462 1184 perspicua

261 1202 375 1247 artis
409 1201 643 1248 oratoriae
674 1201 892 1254 historia,
926 1202 1046 1252 unde
1062 1201 1262 1262 perspici
1278 1207 1461 1262 posset,

260 1278 374 1338 quid
417 1283 590 1323 aetates
629 1278 718 1322 sibi
750 1278 1043 1337 insequentes
1076 1279 1135 1323 ad
1165 1278 1280 1322 hanc
1312 1285 1459 1322 artem

259 1355 558 1400 excolendam
611 1354 907 1402 contulerint.
988 1352 1168 1408 Cetera,
1225 1355 1458 1410 inventio,

259 1431 519 1490 dispositio,
545 1431 765 1482 elocutio,
782 1432 1118 1489 pronuntiatio,
1141 1446 1243 1475 cum
1272 1430 1459 1475 diversis

261 1522 419 1553 earum
477 1506 709 1566 partibus,
769 1506 1008 1554 tractanda
1071 1513 1180 1551 sunt
1244 1507 1301 1551 ad
1360 1522 1460 1551 eam

258 1599 465 1629 normam
498 1599 639 1642 quam
671 1581 869 1628 Vossius
901 1583 1204 1628 monstravit„

319 1659 376 1704 In
423 1659 664 1703 tractando
713 1659 816 1706 loco¹
860 1659 929 1706 de,
964 1659 1227 1709 inventione
1270 1659 1460 1712 maximi

259 1735 347 1780 erit
400 1736 621 1780 momenti
687 1734 996 1787 considerare,
1045 1736 1158 1794 quid
1197 1735 1457 1780 etiamnunc

258 1814 443 1857 valeant
476 1818 522 1857 et
555 1826 690 1871 quem
723 1825 856 1856 usum
887 1810 1089 1857 habeant
1117 1810 1301 1871 Topica.
1332 1810 1456 1856 Num

249 1890 357 1946 jure
400 1890 512 1933 haec
549 1897 603 1932 ut
651 1903 935 1947 supervacua
983 1887 1245 1947 repudiabit
1293 1894 1456 1932 nostra

257 1971 407 2016 aetas,
441 1980 560 2023 quae
592 1965 722 2009 velut
750 1966 876 2009 clara
907 1980 1019 2009 voce
1046 1979 1201 2009 omnes
1222 1965 1453 2015 hortatur,

254 2047 311 2085 ut
344 2055 429 2085 suo
461 2041 654 2100 quisque
685 2040 892 2099 ingenio,
927 2041 1022 2084 suis
1055 2039 1225 2084 viribus
1257 2041 1304 2083 in
1324 2040 1453 2083 inda-

244 2117 407 2177 gando
439 2118 630 2161 utatur?
676 2115 752 2162 An
784 2118 897 2161 haec
929 2132 1052 2175 pars,
1088 2130 1205 2175 quae
1247 2117 1455 2160 continet

255 2192 409 2237 sedem
419 2195 965 2251 argumentorum,locum
981 2205 1116 2236 suum
1134 2194 1272 2236 etiam
1288 2194 1338 2235 in
1349 2207 1451 2250 pos-

253 2267 405 2314 terum
436 2267 678 2313 tuebitur?
731 2268 786 2319 In
820 2268 1018 2313 transitu
1051 2267 1453 2319 animadvertatur,

255 2360 398 2403 quum
450 2347 708 2390 rhetoricen
753 2346 914 2390 iisdem
958 2351 1097 2403 atque
1141 2344 1454 2403 eloquentiam

251 2420 492 2481 principiis
540 2421 627 2466 niti
673 2436 856 2469 necesse
904 2421 985 2476 sit,
1017 2420 1260 2465 manifesto
1292 2420 1339 2464 id
1372 2436 1452 2479 ap-

250 2513 409 2557 parere
454 2499 503 2542 in
553 2499 654 2542 loco
700 2499 755 2543 de
798 2498 1084 2554 inventione,
1118 2497 1196 2542 ubi
1227 2496 1449 2557 praecipi-
