1786 2956
875 337 932 378 49

306 492 359 520 ea
406 487 524 531 quae
569 471 627 515 ad
659 473 1035 516 exercitationem
1069 486 1121 515 ac
1152 472 1496 516 meditationem

304 551 552 610 pertinent.
618 546 707 592 Sed
739 548 912 593 etiamsi
939 549 1124 593 silentio
1142 548 1190 593 id
1206 551 1498 608 praetermis-

304 633 407 670 sum
435 632 505 670 est
517 661 527 676 ‚
562 640 714 669 nonne
731 625 986 669 necessario
1004 626 1229 683 sequitur,
1247 627 1284 668 si
1301 625 1500 683 philoso-

304 703 398 762 pha
429 708 534 757 φύσις
565 703 626 746 sit
659 703 794 761 quasi
817 701 1169 747 fundamentum
1209 718 1301 762 quo
1330 703 1500 746 nititur

303 780 540 824 doctrinae
573 778 849 833 aedificium,
910 786 964 823 ut
1025 780 1291 823 exercitatio
1350 782 1498 824 veluti

304 870 515 899 coronam
555 858 759 914 imponat
806 856 956 914 operi,
1000 861 1143 913 atqua
1175 856 1243 899 ita
1276 855 1334 899 sit
1368 856 1496 900 abso-

302 934 455 976 lutum
488 938 534 975 et
568 931 781 975 omnibus
815 933 1020 975 numeris
1058 933 1341 989 perfectum?

365 1008 484 1052 Nam
525 1010 708 1052 etiamsi
737 1009 840 1066 quis
869 1007 1042 1065 optima
1079 1008 1231 1052 indole
1264 1009 1321 1053 ad
1352 1009 1496 1069 philo-

304 1085 512 1142 sophiam
528 1083 766 1143 praeditus
791 1084 852 1126 sit
881 1084 1097 1142 omnique
1129 1086 1348 1129 scientiae
1366 1088 1496 1144 copia

301 1162 579 1212 instructus,
628 1161 866 1220 ingenium
922 1160 1270 1221 doctrinamque
1320 1165 1490 1207 exerci-

301 1240 477 1282 tatione
504 1237 767 1281 corroboret
783 1251 965 1281 necesse
982 1243 1062 1288 est,
1081 1244 1134 1281 ut
1151 1253 1267 1297 quae
1286 1238 1493 1284 didicerit

303 1321 347 1360 et
363 1315 632 1376 cogitaverit
648 1313 695 1358 in
706 1320 927 1374 promptu
939 1314 1115 1366 habeat,
1127 1317 1328 1375 cogitata
1338 1320 1492 1364 lucido

303 1392 463 1436 ordine
486 1392 713 1450 disponat,
729 1392 850 1449 aptis
869 1391 1021 1435 verbis
1040 1393 1284 1449 eloquatur
1303 1401 1348 1438 et
1365 1398 1494 1440 velut

303 1469 426 1512 clara
474 1468 623 1512 forma
664 1473 771 1511 ante
820 1468 975 1511 oculos
1018 1473 1183 1526 ponat;
1227 1473 1494 1531 ceteroquin

303 1547 518 1603 eloquens
560 1545 650 1588 dici
698 1559 987 1602 nequaquam
1042 1545 1304 1589 merebitur.
1368 1548 1496 1594 Licet

303 1636 457 1666 omnes
504 1621 737 1666 doctrinae
786 1621 935 1665 fontes
985 1622 1292 1679 exhausisset,
1349 1632 1496 1673 tamen

303 1700 545 1757 quaesitae
562 1713 691 1756 opes,
709 1699 797 1741 nisi
820 1713 908 1741 usu
931 1705 976 1741 et
999 1701 1328 1747 exercitatione
1344 1704 1495 1749 firma-

304 1782 380 1819 tae
414 1776 522 1825 sint,
552 1775 797 1819 effluerent
819 1781 864 1818 et
894 1789 917 1818 e
939 1777 1155 1820 memoria
1180 1778 1495 1835 elaberentur;

306 1853 463 1910 itaque
505 1865 680 1908 semper
719 1851 759 1894 ei
801 1865 915 1909 opus
943 1852 1061 1895 foret
1093 1852 1269 1898 litteras
1303 1859 1495 1915 scriptas

304 1927 532 1980 adhibere,
546 1941 663 1987 quae
680 1934 828 1972 essent
845 1928 990 1972 veluti
1009 1944 1192 1975 carmen
1210 1938 1256 1976 et
1273 1933 1350 1977 lex
1362 1950 1495 1992 quae-

302 2005 408 2048 dam
425 2004 598 2047 orandi.
633 2001 787 2055 Quare
807 2003 897 2046 nisi
916 2005 964 2046 in
987 2012 1206 2063 promptu
1224 2009 1317 2050 sint
1333 2011 1493 2067 copiae

304 2081 413 2124 illae
442 2095 555 2138 quas
584 2078 792 2122 doctrina
814 2081 993 2137 peperit
1028 2088 1073 2124 et
1102 2084 1222 2125 ratio
1241 2085 1495 2138 ordinavit,

303 2171 595 2215 nequaquam
611 2170 776 2199 nomen
792 2170 899 2199 vere
917 2157 1172 2214 eloquentis
1191 2161 1307 2204 tueri
1321 2162 1492 2208 licebit.

304 2230 432 2287 Quae
481 2232 722 2277 didicimus
771 2239 817 2277 et
866 2235 1181 2291 cognovimus,
1229 2241 1493 2292 memoriae,

303 2315 524 2368 tanquam
589 2309 802 2354 thesauro
855 2309 1034 2354 cuidam
1083 2312 1369 2370 eloquentiae
1422 2320 1493 2370 1),

349 2549 380 2590 1)
403 2546 571 2588 Quinctil.
594 2547 711 2579 Instit.
736 2547 831 2580 Orat.
857 2550 908 2581 11.
932 2550 968 2587 2;
994 2549 1035 2581 cf.
1060 2550 1130 2582 Cic.
1155 2551 1198 2583 de
1221 2552 1316 2585 Orat.
1338 2556 1365 2586 1.
1391 2557 1421 2587 5.

1281 2617 1308 2657 4
