1786 2956
865 314 919 356 18

298 450 500 492 humani.
565 448 658 492 Nos
692 463 823 498 vero,
858 450 936 505 qui
971 451 1072 492 luce
1105 449 1361 507 gaudemus
1396 450 1495 506 ejus

291 524 548 584 religionis,
582 538 703 582 quae
728 524 864 580 jubet
910 529 951 564 τὸ
978 525 1121 576 ἀληθὲς
1138 525 1271 576 tueri,
1290 527 1492 584 cogitan-

291 602 366 653 do,
401 601 597 660 agendo,
632 601 912 659 eloquend0‚
942 601 1101 645 laudes
1127 617 1298 661 negare
1316 601 1493 647 Socrati

290 678 417 720 haud
444 691 708 735 possumu8‚
734 679 828 735 qui,
852 682 1078 735 quantum
1095 684 1264 735 posset,
1283 680 1494 722 veritatis

289 769 485 812 regnum
528 755 827 811 praeparavit
874 759 919 797 et
962 754 1145 797 fallaces
1174 755 1492 812 sophistarum

287 831 619 888 rhetorumque
654 832 862 888 argutias
896 831 1273 888 confutavit;qui
1290 829 1492 889 denique

287 921 564 964 persuasum
609 906 698 951 sibi
731 906 950 958 habebat,
985 921 1145 951 sanam
1179 906 1490 965 eloquentiam

285 998 377 1027 non
415 985 506 1028 nisi
549 999 574 1028 e
618 990 802 1042 pectore
835 983 1060 1042 proficisci
1095 984 1195 1028 veri
1228 998 1380 1028 amore
1407 983 1491 1027 im-

286 1060 409 1105 buto.
475 1060 599 1105 Haec
630 1066 901 1120 reputantes
924 1076 1076 1105 nonne
1094 1061 1327 1105 'fateamur
1356 1060 1490 1105 nobis

285 1134 561 1181 Christianis
607 1139 793 1181 omnino
838 1137 1051 1182 dedecori
1100 1139 1222 1190 fore,
1272 1140 1312 1182 si
1345 1138 1489 1195 abjec-

284 1213 375 1257 tius
410 1219 454 1258 et
481 1213 704 1258 humilius
738 1216 1016 1258 sentiremus
1049 1229 1190 1273 quam
1223 1213 1365 1273 prisci
1382 1229 1488 1274 gen-

282 1291 390 1334 tiles
426 1291 483 1335 de
521 1292 812 1355 eloquentiae
853 1291 1090 1350 proposito
1135 1298 1181 1336 et
1218 1292 1343 1336 fine?
1388 1291 1487 1336 Imo

282 1369 348 1411 sic
397 1370 557 1426 potius
609 1367 969 1412 existimandum
1016 1368 1148 1412 nobis
1196 1374 1286 1419 est,
1346 1369 1487 1412 talem

282 1444 618 1502 eloquentiam,
652 1459 771 1503 quae
804 1459 895 1489 non
912 1446 1093 1489 nitatur
1115 1446 1216 1489 veri
1232 1445 1484 1503 principio,

280 1521 611 1565 recentioribus
645 1521 860 1581 gentibus
892 1535 1080 1579 prorsus
1115 1536 1213 1567 esse
1245 1521 1485 1580 indignam

279 1613 428 1655 neque
472 1613 606 1656 posse
650 1604 863 1642 constare
922 1599 1012 1642 nisi
1056 1599 1106 1641 in
1152 1596 1482 1642 detrimentum

282 1675 512 1719 societatis
547 1676 786 1719 humanae.
811 1670 814 1673 “

610 1904 708 1962 ξ2.
774 1906 854 1949 De
893 1904 1152 1963 pulchro.

340 2058 478 2104 Omni
513 2076 626 2105 aevo
653 2061 930 2105 difficillima
964 2066 1010 2105 et
1026 2060 1306 2120 gravissima
1323 2058 1484 2103 habita

278 2145 347 2181 est
371 2140 590 2196 quaestiQ
626 2153 743 2196 quae
777 2153 912 2197 saepe
946 2139 1125 2197 agitata
1154 2143 1249 2191 est,
1287 2136 1399 2194 quid
1422 2137 1483 2180 sit

277 2215 556 2271 pulchrum?
569 2213 809 2273 Sapientes
823 2214 1030 2258 studiose
1047 2228 1236 2271 operam
1252 2211 1483 2257 dederunt

276 2297 331 2333 ut
351 2290 523 2348 justam
555 2293 742 2349 pulchri
775 2291 1090 2336 definitionem
1114 2290 1391 2333 invenirent.
1426 2288 1481 2333 In

274 2368 359 2411 hac
410 2374 567 2412 autem
616 2369 885 2426 quaestione
931 2365 1339 2411 animadvertimus
1404 2368 1480 2426 agi

274 2446 550 2503 plerumque
599 2444 654 2488 de
714 2445 912 2503 pulchro
967 2443 1090 2502 quod
1135 2443 1346 2487 sensibus
1380 2458 1481 2501 per·

273 2524 471 2580 cipitur,
507 2528 647 2580 atque
681 2523 888 2566 diversas
918 2513 1157 2566 doctorum
1191 2520 1480 2565 definitiones
