<?xml version="1.0" encoding="UTF-8"?>
<!DOCTYPE html PUBLIC "-//W3C//DTD XHTML 1.0 Transitional//EN"
    "http://www.w3.org/TR/xhtml1/DTD/xhtml1-transitional.dtd">
<html xmlns="http://www.w3.org/1999/xhtml" xml:lang="en" lang="en">
 <head>
  <title>
</title>
<meta http-equiv="Content-Type" content="text/html;charset=utf-8" />
  <meta name='ocr-system' content='tesseract 3.04.00' />
  <meta name='ocr-capabilities' content='ocr_page ocr_carea ocr_par ocr_line ocrx_word'/>
</head>
<body>
  <div class='ocr_page' id='page_1' title='image "4738090_0089.png"; bbox 0 0 1786 2956; ppageno 0'>
   <div class='ocr_carea' id='block_1_1' title="bbox 854 338 908 381">
    <p class='ocr_par' dir='ltr' id='par_1_1' title="bbox 854 338 908 381">
     <span class='ocr_line' id='line_1_1' title="bbox 854 338 908 381; baseline -0.019 0"><span class='ocrx_word' id='word_1_1' title='bbox 854 338 908 381; x_wconf 83' lang='lat'>71</span> 
     </span>
    </p>
   </div>
   <div class='ocr_carea' id='block_1_2' title="bbox 276 472 1533 2209">
    <p class='ocr_par' dir='ltr' id='par_1_2' title="bbox 276 472 1533 2209">
     <span class='ocr_line' id='line_1_2' title="bbox 286 472 1473 530; baseline -0.003 -9"><span class='ocrx_word' id='word_1_2' title='bbox 286 476 488 521; x_wconf 89' lang='lat' dir='ltr'>Kantius</span> <span class='ocrx_word' id='word_1_3' title='bbox 520 476 590 527; x_wconf 83' lang='lat'>1),</span> <span class='ocrx_word' id='word_1_4' title='bbox 619 479 687 530; x_wconf 88' lang='lat' dir='ltr'>et,</span> <span class='ocrx_word' id='word_1_5' title='bbox 711 478 764 518; x_wconf 88' lang='lat' dir='ltr'>ut</span> <span class='ocrx_word' id='word_1_6' title='bbox 780 474 913 518; x_wconf 88' lang='lat' dir='ltr'>citem</span> <span class='ocrx_word' id='word_1_7' title='bbox 931 479 1160 518; x_wconf 78' lang='lat' dir='ltr'>auctorem</span> <span class='ocrx_word' id='word_1_8' title='bbox 1176 472 1324 517; x_wconf 85' lang='lat' dir='ltr'>minus</span> <span class='ocrx_word' id='word_1_9' title='bbox 1344 474 1473 518; x_wconf 88' lang='lat' dir='ltr'>illus-</span> 
     </span>
     <span class='ocr_line' id='line_1_3' title="bbox 286 550 1478 609; baseline -0.003 -12"><span class='ocrx_word' id='word_1_10' title='bbox 286 561 426 603; x_wconf 89' lang='lat' dir='ltr'>trem,</span> <span class='ocrx_word' id='word_1_11' title='bbox 454 550 586 595; x_wconf 84' lang='lat' dir='ltr'><strong>Felix</strong></span> <span class='ocrx_word' id='word_1_12' title='bbox 609 550 754 594; x_wconf 90' lang='lat' dir='ltr'>Bodin</span> <span class='ocrx_word' id='word_1_13' title='bbox 783 553 845 603; x_wconf 83' lang='lat'>2),</span> <span class='ocrx_word' id='word_1_14' title='bbox 874 551 950 609; x_wconf 88' lang='lat' dir='ltr'>qui</span> <span class='ocrx_word' id='word_1_15' title='bbox 988 565 1139 608; x_wconf 87' lang='lat' dir='ltr'>nuper</span> <span class='ocrx_word' id='word_1_16' title='bbox 1157 550 1290 608; x_wconf 88' lang='lat' dir='ltr'>quasi</span> <span class='ocrx_word' id='word_1_17' title='bbox 1306 550 1478 594; x_wconf 88' lang='lat' dir='ltr'>bellum</span> 
     </span>
     <span class='ocr_line' id='line_1_4' title="bbox 287 626 1478 686; baseline -0.003 -13"><span class='ocrx_word' id='word_1_18' title='bbox 287 628 460 673; x_wconf 78' lang='lat' dir='ltr'><strong>indixit</strong></span> <span class='ocrx_word' id='word_1_19' title='bbox 491 627 761 678; x_wconf 76' lang='lat' dir='ltr'>rhetoricae,</span> <span class='ocrx_word' id='word_1_20' title='bbox 795 642 932 686; x_wconf 84' lang='lat' dir='ltr'>quam</span> <span class='ocrx_word' id='word_1_21' title='bbox 965 627 1078 671; x_wconf 89' lang='lat' dir='ltr'>dicit</span> <span class='ocrx_word' id='word_1_22' title='bbox 1099 627 1325 672; x_wconf 82' lang='lat' dir='ltr'>funestam</span> <span class='ocrx_word' id='word_1_23' title='bbox 1345 626 1478 671; x_wconf 89' lang='lat' dir='ltr'>liber-</span> 
     </span>
     <span class='ocr_line' id='line_1_5' title="bbox 287 703 1477 762; baseline -0.001 -14"><span class='ocrx_word' id='word_1_24' title='bbox 287 706 382 756; x_wconf 90' lang='lat' dir='ltr'>tati,</span> <span class='ocrx_word' id='word_1_25' title='bbox 392 705 616 762; x_wconf 83' lang='lat' dir='ltr'>justitiae,</span> <span class='ocrx_word' id='word_1_26' title='bbox 629 705 835 756; x_wconf 77' lang='lat' dir='ltr'>veritat13</span> <span class='ocrx_word' id='word_1_27' title='bbox 854 718 969 762; x_wconf 90' lang='lat' dir='ltr'>opus</span> <span class='ocrx_word' id='word_1_28' title='bbox 988 703 1283 755; x_wconf 72' lang='lat' dir='ltr'>detestabile,</span> <span class='ocrx_word' id='word_1_29' title='bbox 1301 710 1477 762; x_wconf 91' lang='lat' dir='ltr'>pestem</span> 
     </span>
     <span class='ocr_line' id='line_1_6' title="bbox 287 780 1478 840; baseline -0.001 -15"><span class='ocrx_word' id='word_1_30' title='bbox 287 781 483 840; x_wconf 88' lang='lat' dir='ltr'>denique</span> <span class='ocrx_word' id='word_1_31' title='bbox 527 782 860 835; x_wconf 78' lang='lat' dir='ltr'>calamitosam,</span> <span class='ocrx_word' id='word_1_32' title='bbox 894 796 1010 839; x_wconf 90' lang='lat' dir='ltr'>quae</span> <span class='ocrx_word' id='word_1_33' title='bbox 1043 788 1095 825; x_wconf 93' lang='lat' dir='ltr'>ut</span> <span class='ocrx_word' id='word_1_34' title='bbox 1127 781 1174 825; x_wconf 91' lang='lat' dir='ltr'>in</span> <span class='ocrx_word' id='word_1_35' title='bbox 1208 780 1478 825; x_wconf 80' lang='lat' dir='ltr'>barathrum</span> 
     </span>
     <span class='ocr_line' id='line_1_7' title="bbox 286 857 1303 915; baseline 0 -14"><span class='ocrx_word' id='word_1_36' title='bbox 286 857 608 901; x_wconf 86' lang='lat' dir='ltr'>detruderetur</span> <span class='ocrx_word' id='word_1_37' title='bbox 639 857 774 904; x_wconf 88' lang='lat' dir='ltr'>valde</span> <span class='ocrx_word' id='word_1_38' title='bbox 800 857 919 901; x_wconf 89' lang='lat' dir='ltr'>foret</span> <span class='ocrx_word' id='word_1_39' title='bbox 956 857 1207 915; x_wconf 83' lang='lat' dir='ltr'>optandum</span> <span class='ocrx_word' id='word_1_40' title='bbox 1240 860 1303 910; x_wconf 84' lang='lat'>3).</span> 
     </span>
     <span class='ocr_line' id='line_1_8' title="bbox 347 933 1478 992; baseline -0.001 -14"><span class='ocrx_word' id='word_1_41' title='bbox 347 934 507 992; x_wconf 86' lang='lat' dir='ltr'>Neque</span> <span class='ocrx_word' id='word_1_42' title='bbox 523 935 830 985; x_wconf 89' lang='lat' dir='ltr'>infitiandum,</span> <span class='ocrx_word' id='word_1_43' title='bbox 848 933 1125 985; x_wconf 86' lang='lat' dir='ltr'>methodum,</span> <span class='ocrx_word' id='word_1_44' title='bbox 1143 948 1233 992; x_wconf 88' lang='lat' dir='ltr'>qua</span> <span class='ocrx_word' id='word_1_45' title='bbox 1248 934 1478 978; x_wconf 90' lang='lat' dir='ltr'>rhetorice</span> 
     </span>
     <span class='ocr_line' id='line_1_9' title="bbox 287 1009 1477 1069; baseline -0.002 -15"><span class='ocrx_word' id='word_1_46' title='bbox 287 1012 560 1069; x_wconf 90' lang='lat' dir='ltr'>plerumque</span> <span class='ocrx_word' id='word_1_47' title='bbox 598 1010 647 1053; x_wconf 90' lang='lat' dir='ltr'>in</span> <span class='ocrx_word' id='word_1_48' title='bbox 681 1010 849 1054; x_wconf 88' lang='lat' dir='ltr'>scholis</span> <span class='ocrx_word' id='word_1_49' title='bbox 881 1011 1071 1053; x_wconf 86' lang='lat' dir='ltr'>tractari</span> <span class='ocrx_word' id='word_1_50' title='bbox 1104 1009 1301 1064; x_wconf 86' lang='lat' dir='ltr'>solebat,</span> <span class='ocrx_word' id='word_1_51' title='bbox 1334 1010 1477 1068; x_wconf 90' lang='lat' dir='ltr'>pluri-</span> 
     </span>
     <span class='ocr_line' id='line_1_10' title="bbox 287 1086 1480 1145; baseline -0.001 -15"><span class='ocrx_word' id='word_1_52' title='bbox 287 1102 414 1130; x_wconf 89' lang='lat' dir='ltr'>mum</span> <span class='ocrx_word' id='word_1_53' title='bbox 457 1086 698 1130; x_wconf 84' lang='lat' dir='ltr'>contulisse</span> <span class='ocrx_word' id='word_1_54' title='bbox 738 1093 789 1130; x_wconf 88' lang='lat' dir='ltr'>ut</span> <span class='ocrx_word' id='word_1_55' title='bbox 834 1088 935 1145; x_wconf 89' lang='lat' dir='ltr'>ipsa</span> <span class='ocrx_word' id='word_1_56' title='bbox 967 1087 1111 1145; x_wconf 85' lang='lat' dir='ltr'>magis</span> <span class='ocrx_word' id='word_1_57' title='bbox 1162 1087 1400 1144; x_wconf 87' lang='lat' dir='ltr'>magisque</span> <span class='ocrx_word' id='word_1_58' title='bbox 1433 1087 1480 1129; x_wconf 90' lang='lat' dir='ltr'>in</span> 
     </span>
     <span class='ocr_line' id='line_1_11' title="bbox 287 1161 1478 1207; baseline -0.001 -1"><span class='ocrx_word' id='word_1_59' title='bbox 287 1163 445 1207; x_wconf 88' lang='lat' dir='ltr'>odium</span> <span class='ocrx_word' id='word_1_60' title='bbox 472 1169 518 1207; x_wconf 91' lang='lat' dir='ltr'>et</span> <span class='ocrx_word' id='word_1_61' title='bbox 553 1168 830 1207; x_wconf 89' lang='lat' dir='ltr'>contemtum</span> <span class='ocrx_word' id='word_1_62' title='bbox 872 1162 1183 1206; x_wconf 89' lang='lat' dir='ltr'>adduceretur.</span> <span class='ocrx_word' id='word_1_63' title='bbox 1247 1161 1387 1205; x_wconf 90' lang='lat' dir='ltr'>Pueri</span> <span class='ocrx_word' id='word_1_64' title='bbox 1421 1162 1478 1205; x_wconf 87' lang='lat' dir='ltr'>ad</span> 
     </span>
     <span class='ocr_line' id='line_1_12' title="bbox 288 1238 1476 1297; baseline -0.003 -14"><span class='ocrx_word' id='word_1_65' title='bbox 288 1238 543 1283; x_wconf 86' lang='lat' dir='ltr'>satietatem</span> <span class='ocrx_word' id='word_1_66' title='bbox 575 1238 886 1297; x_wconf 88' lang='lat' dir='ltr'>implebantur</span> <span class='ocrx_word' id='word_1_67' title='bbox 913 1240 1061 1296; x_wconf 87' lang='lat' dir='ltr'>tropis</span> <span class='ocrx_word' id='word_1_68' title='bbox 1096 1244 1142 1281; x_wconf 90' lang='lat' dir='ltr'>et</span> <span class='ocrx_word' id='word_1_69' title='bbox 1169 1238 1351 1296; x_wconf 89' lang='lat' dir='ltr'>figuris,</span> <span class='ocrx_word' id='word_1_70' title='bbox 1380 1239 1476 1295; x_wconf 85' lang='lat' dir='ltr'>qui-</span> 
     </span>
     <span class='ocr_line' id='line_1_13' title="bbox 286 1313 1476 1359; baseline -0.001 -1"><span class='ocrx_word' id='word_1_71' title='bbox 286 1315 371 1359; x_wconf 89' lang='lat' dir='ltr'>bus</span> <span class='ocrx_word' id='word_1_72' title='bbox 429 1315 522 1359; x_wconf 91' lang='lat' dir='ltr'>fere</span> <span class='ocrx_word' id='word_1_73' title='bbox 581 1314 806 1359; x_wconf 81' lang='lat' dir='ltr'>rhetorica</span> <span class='ocrx_word' id='word_1_74' title='bbox 857 1314 1092 1358; x_wconf 88' lang='lat' dir='ltr'>institutio</span> <span class='ocrx_word' id='word_1_75' title='bbox 1145 1313 1476 1358; x_wconf 85' lang='lat' dir='ltr'>continebatur.</span> 
     </span>
     <span class='ocr_line' id='line_1_14' title="bbox 287 1388 1482 1450; baseline -0.001 -15"><span class='ocrx_word' id='word_1_76' title='bbox 287 1388 618 1450; x_wconf 87' lang='lat' dir='ltr'>Cognoscendis</span> <span class='ocrx_word' id='word_1_77' title='bbox 657 1392 801 1435; x_wconf 87' lang='lat' dir='ltr'>variis</span> <span class='ocrx_word' id='word_1_78' title='bbox 849 1392 1071 1435; x_wconf 88' lang='lat' dir='ltr'>orationis</span> <span class='ocrx_word' id='word_1_79' title='bbox 1115 1392 1397 1435; x_wconf 85' lang='lat' dir='ltr'>ornamentis</span> <span class='ocrx_word' id='word_1_80' title='bbox 1435 1397 1482 1435; x_wconf 89' lang='lat' dir='ltr'>et</span> 
     </span>
     <span class='ocr_line' id='line_1_15' title="bbox 285 1466 1479 1525; baseline 0 -15"><span class='ocrx_word' id='word_1_81' title='bbox 285 1467 558 1520; x_wconf 87' lang='lat' dir='ltr'>luminibus,</span> <span class='ocrx_word' id='word_1_82' title='bbox 591 1466 803 1511; x_wconf 89' lang='lat' dir='ltr'>discendo</span> <span class='ocrx_word' id='word_1_83' title='bbox 820 1467 932 1525; x_wconf 88' lang='lat' dir='ltr'>quid</span> <span class='ocrx_word' id='word_1_84' title='bbox 954 1473 1107 1510; x_wconf 84' lang='lat' dir='ltr'>essent</span> <span class='ocrx_word' id='word_1_85' title='bbox 1131 1466 1416 1510; x_wconf 81' lang='lat' dir='ltr'>antonomasia</span> <span class='ocrx_word' id='word_1_86' title='bbox 1433 1474 1479 1511; x_wconf 88' lang='lat' dir='ltr'>et</span> 
     </span>
     <span class='ocr_line' id='line_1_16' title="bbox 284 1541 1486 1600; baseline -0.001 -14"><span class='ocrx_word' id='word_1_87' title='bbox 284 1541 432 1594; x_wconf 75' lang='lat' dir='ltr'>litotes,</span> <span class='ocrx_word' id='word_1_88' title='bbox 457 1542 699 1587; x_wconf 66' lang='lat' dir='ltr'>catachresis</span> <span class='ocrx_word' id='word_1_89' title='bbox 715 1549 760 1587; x_wconf 87' lang='lat' dir='ltr'>et</span> <span class='ocrx_word' id='word_1_90' title='bbox 775 1541 1008 1600; x_wconf 74' lang='lat' dir='ltr'>hyperbole,</span> <span class='ocrx_word' id='word_1_91' title='bbox 1026 1541 1181 1600; x_wconf 55' lang='lat' dir='ltr'>ellszses</span> <span class='ocrx_word' id='word_1_92' title='bbox 1197 1549 1242 1587; x_wconf 90' lang='lat' dir='ltr'>et</span> <span class='ocrx_word' id='word_1_93' title='bbox 1260 1542 1486 1600; x_wconf 76' lang='lat' dir='ltr'>asyndeta,</span> 
     </span>
     <span class='ocr_line' id='line_1_17' title="bbox 276 1616 1477 1676; baseline 0 -16"><span class='ocrx_word' id='word_1_94' title='bbox 276 1616 515 1676; x_wconf 78' lang='lat' dir='ltr'>pleonasmz‘</span> <span class='ocrx_word' id='word_1_95' title='bbox 543 1624 589 1660; x_wconf 91' lang='lat' dir='ltr'>et</span> <span class='ocrx_word' id='word_1_96' title='bbox 610 1616 903 1675; x_wconf 71' lang='lat' dir='ltr'>polysyndeta,</span> <span class='ocrx_word' id='word_1_97' title='bbox 936 1618 1149 1675; x_wconf 72' lang='lat' dir='ltr'>exeryasz&#39;a</span> <span class='ocrx_word' id='word_1_98' title='bbox 1182 1624 1226 1660; x_wconf 89' lang='lat' dir='ltr'>et</span> <span class='ocrx_word' id='word_1_99' title='bbox 1242 1618 1477 1674; x_wconf 81' lang='lat' dir='ltr'>anaphora,</span> 
     </span>
     <span class='ocr_line' id='line_1_18' title="bbox 285 1693 1478 1754; baseline 0 -17"><span class='ocrx_word' id='word_1_100' title='bbox 285 1698 434 1738; x_wconf 86' lang='lat' dir='ltr'>cetera</span> <span class='ocrx_word' id='word_1_101' title='bbox 467 1693 563 1752; x_wconf 86' lang='lat' dir='ltr'>ejus</span> <span class='ocrx_word' id='word_1_102' title='bbox 590 1695 783 1753; x_wconf 84' lang='lat' dir='ltr'>generis,</span> <span class='ocrx_word' id='word_1_103' title='bbox 811 1693 1082 1738; x_wconf 90' lang='lat' dir='ltr'>discentium</span> <span class='ocrx_word' id='word_1_104' title='bbox 1109 1694 1279 1738; x_wconf 87' lang='lat' dir='ltr'>scilicet</span> <span class='ocrx_word' id='word_1_105' title='bbox 1295 1694 1478 1754; x_wconf 87' lang='lat' dir='ltr'>ingenia</span> 
     </span>
     <span class='ocr_line' id='line_1_19' title="bbox 285 1765 1480 1828; baseline 0.001 -16"><span class='ocrx_word' id='word_1_106' title='bbox 285 1765 662 1821; x_wconf 83' lang='lat' dir='ltr'>obfuscabantur‚</span> <span class='ocrx_word' id='word_1_107' title='bbox 715 1770 846 1828; x_wconf 90' lang='lat' dir='ltr'>quasi</span> <span class='ocrx_word' id='word_1_108' title='bbox 889 1770 1056 1814; x_wconf 86' lang='lat' dir='ltr'>talibus</span> <span class='ocrx_word' id='word_1_109' title='bbox 1099 1771 1146 1813; x_wconf 88' lang='lat' dir='ltr'>in</span> <span class='ocrx_word' id='word_1_110' title='bbox 1206 1770 1345 1814; x_wconf 92' lang='lat' dir='ltr'>rebus</span> <span class='ocrx_word' id='word_1_111' title='bbox 1391 1770 1480 1813; x_wconf 86' lang='lat' dir='ltr'>sita</span> 
     </span>
     <span class='ocr_line' id='line_1_20' title="bbox 286 1843 1486 1904; baseline -0.001 -13"><span class='ocrx_word' id='word_1_112' title='bbox 286 1853 407 1891; x_wconf 89' lang='lat' dir='ltr'>esset</span> <span class='ocrx_word' id='word_1_113' title='bbox 444 1846 514 1890; x_wconf 90' lang='lat' dir='ltr'>vis</span> <span class='ocrx_word' id='word_1_114' title='bbox 548 1847 848 1904; x_wconf 89' lang='lat' dir='ltr'>eloquentiae.</span> <span class='ocrx_word' id='word_1_115' title='bbox 903 1843 1026 1899; x_wconf 83' lang='lat' dir='ltr'>Quid</span> <span class='ocrx_word' id='word_1_116' title='bbox 1053 1847 1223 1890; x_wconf 91' lang='lat' dir='ltr'>mirum</span> <span class='ocrx_word' id='word_1_117' title='bbox 1250 1845 1300 1900; x_wconf 90' lang='lat' dir='ltr'>si,</span> <span class='ocrx_word' id='word_1_118' title='bbox 1329 1846 1486 1891; x_wconf 86' lang='lat' dir='ltr'>taedio</span> 
     </span>
     <span class='ocr_line' id='line_1_21' title="bbox 286 1921 1475 1981; baseline -0.002 -15"><span class='ocrx_word' id='word_1_119' title='bbox 286 1923 438 1967; x_wconf 87' lang='lat' dir='ltr'>affecti</span> <span class='ocrx_word' id='word_1_120' title='bbox 477 1928 666 1981; x_wconf 86' lang='lat' dir='ltr'>propter</span> <span class='ocrx_word' id='word_1_121' title='bbox 696 1922 882 1966; x_wconf 88' lang='lat' dir='ltr'>horrida</span> <span class='ocrx_word' id='word_1_122' title='bbox 913 1922 1004 1965; x_wconf 89' lang='lat' dir='ltr'>ista</span> <span class='ocrx_word' id='word_1_123' title='bbox 1035 1921 1279 1973; x_wconf 89' lang='lat' dir='ltr'>vocabula,</span> <span class='ocrx_word' id='word_1_124' title='bbox 1313 1921 1475 1965; x_wconf 91' lang='lat' dir='ltr'>ludum</span> 
     </span>
     <span class='ocr_line' id='line_1_22' title="bbox 286 1986 1482 2057; baseline 0 -15"><span class='ocrx_word' id='word_1_125' title='bbox 286 2000 625 2056; x_wconf 90' lang='lat' dir='ltr'>relinquerent,</span> <span class='ocrx_word' id='word_1_126' title='bbox 673 2014 836 2056; x_wconf 90' lang='lat' dir='ltr'>parum</span> <span class='ocrx_word' id='word_1_127' title='bbox 890 1986 1182 2057; x_wconf 88' lang='lat' dir='ltr'>perspectum</span> <span class='ocrx_word' id='word_1_128' title='bbox 1229 1999 1447 2043; x_wconf 89' lang='lat' dir='ltr'>habentes</span> <span class='ocrx_word' id='word_1_129' title='bbox 1470 2033 1482 2053; x_wconf 94' lang='lat'>‚</span> 
     </span>
     <span class='ocr_line' id='line_1_23' title="bbox 287 2061 1533 2132; baseline 0.002 -16"><span class='ocrx_word' id='word_1_130' title='bbox 287 2088 422 2132; x_wconf 90' lang='lat' dir='ltr'>quam</span> <span class='ocrx_word' id='word_1_131' title='bbox 454 2073 580 2117; x_wconf 80' lang='lat' dir='ltr'>utilis</span> <span class='ocrx_word' id='word_1_132' title='bbox 614 2080 734 2118; x_wconf 90' lang='lat' dir='ltr'>esset</span> <span class='ocrx_word' id='word_1_133' title='bbox 766 2088 876 2118; x_wconf 87' lang='lat' dir='ltr'>vera</span> <span class='ocrx_word' id='word_1_134' title='bbox 907 2062 1143 2118; x_wconf 81' lang='lat' dir='ltr'>rhetorica.</span> <span class='ocrx_word' id='word_1_135' title='bbox 1530 2061 1533 2064; x_wconf 17' lang='grc' dir='ltr'><strong><em>Δ</em></strong></span> 
     </span>
     <span class='ocr_line' id='line_1_24' title="bbox 347 2149 1485 2209; baseline 0.001 -16"><span class='ocrx_word' id='word_1_136' title='bbox 347 2149 449 2194; x_wconf 81' lang='lat' dir='ltr'>Etsi</span> <span class='ocrx_word' id='word_1_137' title='bbox 477 2151 598 2194; x_wconf 90' lang='lat' dir='ltr'>enim</span> <span class='ocrx_word' id='word_1_138' title='bbox 624 2151 768 2208; x_wconf 91' lang='lat' dir='ltr'>tropis</span> <span class='ocrx_word' id='word_1_139' title='bbox 788 2150 891 2194; x_wconf 88' lang='lat' dir='ltr'>istis</span> <span class='ocrx_word' id='word_1_140' title='bbox 916 2156 960 2194; x_wconf 92' lang='lat' dir='ltr'>et</span> <span class='ocrx_word' id='word_1_141' title='bbox 982 2151 1145 2209; x_wconf 81' lang='lat' dir='ltr'>figuris</span> <span class='ocrx_word' id='word_1_142' title='bbox 1174 2164 1283 2194; x_wconf 87' lang='lat' dir='ltr'>suus</span> <span class='ocrx_word' id='word_1_143' title='bbox 1308 2151 1356 2193; x_wconf 92' lang='lat' dir='ltr'>in</span> <span class='ocrx_word' id='word_1_144' title='bbox 1380 2156 1485 2194; x_wconf 88' lang='lat' dir='ltr'>arte·</span> 
     </span>
    </p>
   </div>
   <div class='ocr_carea' id='block_1_3' title="bbox 283 2265 513 2275">
    <p class='ocr_par' dir='ltr' id='par_1_3' title="bbox 283 2265 513 2275">
     <span class='ocr_line' id='line_1_25' title="bbox 283 2265 513 2275; baseline 0 681"><span class='ocrx_word' id='word_1_145' title='bbox 283 2265 513 2275; x_wconf 95' lang='lat' dir='ltr'> </span> 
     </span>
    </p>
   </div>
   <div class='ocr_carea' id='block_1_4' title="bbox 286 2319 1486 2593">
    <p class='ocr_par' dir='ltr' id='par_1_4' title="bbox 330 2319 1325 2362">
     <span class='ocr_line' id='line_1_26' title="bbox 330 2319 1325 2362; baseline 0.001 -10"><span class='ocrx_word' id='word_1_146' title='bbox 330 2321 362 2361; x_wconf 90' lang='lat'>1)</span> <span class='ocrx_word' id='word_1_147' title='bbox 384 2319 431 2352; x_wconf 91' lang='lat' dir='ltr'>In</span> <span class='ocrx_word' id='word_1_148' title='bbox 453 2330 575 2362; x_wconf 83' lang='lat' dir='ltr'>opere:</span> <span class='ocrx_word' id='word_1_149' title='bbox 598 2320 712 2352; x_wconf 72' lang='lat' dir='ltr'>Kritilc</span> <span class='ocrx_word' id='word_1_150' title='bbox 734 2320 789 2351; x_wconf 82' lang='lat' dir='ltr'>der</span> <span class='ocrx_word' id='word_1_151' title='bbox 815 2320 1058 2358; x_wconf 73' lang='lat' dir='ltr'>Urtheilshraft,</span> <span class='ocrx_word' id='word_1_152' title='bbox 1081 2331 1115 2362; x_wconf 89' lang='lat' dir='ltr'>p.</span> <span class='ocrx_word' id='word_1_153' title='bbox 1138 2320 1203 2353; x_wconf 85' lang='lat'>216</span> <span class='ocrx_word' id='word_1_154' title='bbox 1225 2320 1271 2353; x_wconf 87' lang='lat' dir='ltr'>ed</span> <span class='ocrx_word' id='word_1_155' title='bbox 1292 2321 1325 2353; x_wconf 83' lang='lat'>2.</span> 
     </span>
    </p>

    <p class='ocr_par' dir='ltr' id='par_1_5' title="bbox 329 2375 1191 2420">
     <span class='ocr_line' id='line_1_27' title="bbox 329 2375 1191 2420; baseline 0.001 -12"><span class='ocrx_word' id='word_1_156' title='bbox 329 2376 362 2418; x_wconf 85' lang='lat'>2)</span> <span class='ocrx_word' id='word_1_157' title='bbox 384 2375 430 2408; x_wconf 86' lang='lat' dir='ltr'>In</span> <span class='ocrx_word' id='word_1_158' title='bbox 452 2376 638 2420; x_wconf 84' lang='lat' dir='ltr'>opusculo:</span> <span class='ocrx_word' id='word_1_159' title='bbox 661 2377 807 2410; x_wconf 78' lang='lat' dir='ltr'>Diatribe</span> <span class='ocrx_word' id='word_1_160' title='bbox 828 2379 929 2409; x_wconf 79' lang='lat' dir='ltr'>contre</span> <span class='ocrx_word' id='word_1_161' title='bbox 951 2377 1026 2410; x_wconf 74' lang='lat' dir='ltr'>l’art</span> <span class='ocrx_word' id='word_1_162' title='bbox 1047 2379 1191 2410; x_wconf 79' lang='lat' dir='ltr'>oratoire.</span> 
     </span>
    </p>

    <p class='ocr_par' dir='ltr' id='par_1_6' title="bbox 286 2432 1486 2593">
     <span class='ocr_line' id='line_1_28' title="bbox 329 2432 1486 2479; baseline 0.003 -14"><span class='ocrx_word' id='word_1_163' title='bbox 329 2434 362 2476; x_wconf 88' lang='lat'>3)</span> <span class='ocrx_word' id='word_1_164' title='bbox 384 2432 496 2471; x_wconf 83' lang='lat' dir='ltr'>„Wer</span> <span class='ocrx_word' id='word_1_165' title='bbox 517 2434 575 2467; x_wconf 81' lang='lat' dir='ltr'>die</span> <span class='ocrx_word' id='word_1_166' title='bbox 598 2435 737 2479; x_wconf 83' lang='lat' dir='ltr'>Tropen</span> <span class='ocrx_word' id='word_1_167' title='bbox 758 2434 834 2467; x_wconf 87' lang='lat' dir='ltr'>und</span> <span class='ocrx_word' id='word_1_168' title='bbox 855 2434 1011 2478; x_wconf 85' lang='lat' dir='ltr'>Figuren</span> <span class='ocrx_word' id='word_1_169' title='bbox 1033 2435 1172 2468; x_wconf 83' lang='lat' dir='ltr'>erfand.</span> <span class='ocrx_word' id='word_1_170' title='bbox 1195 2436 1316 2469; x_wconf 81' lang='lat' dir='ltr'>erfand</span> <span class='ocrx_word' id='word_1_171' title='bbox 1332 2436 1486 2469; x_wconf 74' lang='lat' dir='ltr'>Maskem</span> 
     </span>
     <span class='ocr_line' id='line_1_29' title="bbox 286 2490 1479 2537; baseline 0.003 -13"><span class='ocrx_word' id='word_1_172' title='bbox 286 2491 344 2524; x_wconf 76' lang='lat' dir='ltr'>fur</span> <span class='ocrx_word' id='word_1_173' title='bbox 364 2490 478 2525; x_wconf 82' lang='lat' dir='ltr'>Diebe</span> <span class='ocrx_word' id='word_1_174' title='bbox 486 2516 496 2530; x_wconf 86' lang='lat'>,</span> <span class='ocrx_word' id='word_1_175' title='bbox 509 2491 721 2532; x_wconf 67' lang='lat' dir='ltr'>Ver-rather,</span> <span class='ocrx_word' id='word_1_176' title='bbox 733 2492 881 2527; x_wconf 66' lang='lat' dir='ltr'>Morder</span> <span class='ocrx_word' id='word_1_177' title='bbox 892 2493 967 2527; x_wconf 87' lang='lat' dir='ltr'>und</span> <span class='ocrx_word' id='word_1_178' title='bbox 978 2493 1234 2527; x_wconf 82' lang='lat' dir='ltr'>Ehebrecher.”</span> <span class='ocrx_word' id='word_1_179' title='bbox 1245 2494 1325 2527; x_wconf 90' lang='lat' dir='ltr'>Von</span> <span class='ocrx_word' id='word_1_180' title='bbox 1337 2493 1479 2537; x_wconf 83' lang='lat' dir='ltr'>Hippel,</span> 
     </span>
     <span class='ocr_line' id='line_1_30' title="bbox 288 2549 973 2593; baseline 0.004 -12"><span class='ocrx_word' id='word_1_181' title='bbox 288 2549 494 2592; x_wconf 68' lang='lat' dir='ltr'>Lebenslduse</span> <span class='ocrx_word' id='word_1_182' title='bbox 517 2550 595 2582; x_wconf 76' lang='lat' dir='ltr'>nach</span> <span class='ocrx_word' id='word_1_183' title='bbox 617 2551 851 2593; x_wconf 66' lang='lat' dir='ltr'>aufiteiyender</span> <span class='ocrx_word' id='word_1_184' title='bbox 872 2552 973 2584; x_wconf 82' lang='lat' dir='ltr'>Linie.</span> 
     </span>
    </p>
   </div>
  </div>
 </body>
</html>
