1786 2956
831 292 889 333 83

817 423 900 468 ΙΙΙ.

323 574 555 620 Ciceronis
582 576 632 621 de
658 575 833 622 Oratore
854 576 964 620 libri
981 577 1190 620 referunt
1207 581 1253 620 et
1269 576 1451 634 plenius

258 654 494 710 explicant
527 669 626 699 eam
658 654 951 703 rhetoricam.
990 653 1120 710 cujus
1155 652 1450 697 fundamenta

259 728 307 772 in
339 727 534 774 Phaedro
567 731 802 788 praeclare
834 729 986 788 posuit
1018 728 1164 773 Plato,

819 878 899 924 IV.

321 1033 375 1077 In
414 1031 643 1079 Ciceronis
691 1034 824 1079 libris
872 1034 921 1078 de
975 1032 1168 1085 Oratore,
1220 1036 1258 1077 si
1307 1034 1449 1092 ipsius

260 1111 459 1155 auctoris
494 1109 550 1155 de
577 1111 778 1170 perfecto
808 1117 988 1155 oratore
1021 1110 1291 1155 sententiam
1314 1111 1450 1154 intel-

258 1187 402 1246 ligere
446 1188 662 1238 velimus‚
707 1202 760 1231 ea
785 1169 1034 1246 praecipue
1064 1187 1309 1246 spectanda
1341 1194 1450 1230 sunt

260 1278 375 1322 quae
408 1279 431 1308 e
465 1278 658 1322 persona
691 1261 839 1308 Crassi
872 1264 1178 1323 disputant-ur.

828 1414 884 1460 V.

320 1565 508 1611 Summo
539 1566 647 1624 jure
696 1564 854 1620 Cicero
897 1569 1168 1624 sapientiam
1210 1569 1309 1611 sine
1358 1570 1448 1611 elo-

259 1644 447 1701 quentia
478 1657 644 1701 parum
675 1642 888 1701 prodesse
921 1642 1099 1687 civitati
1133 1644 1336 1698 censuit,
1359 1645 1450 1687 elo-

258 1719 492 1777 quentiam
522 1733 634 1763 vero
678 1721 772 1764 sine
806 1719 1028 1778 sapientia
1059 1720 1252 1763 nimium
1293 1718 1450 1763 obesse

257 1796 544 1854 plerumque,
590 1796 802 1854 prodesse
849 1811 1097 1854 nunquam.
1162 1797 1253 1849 (De
1298 1795 1449 1840 Inven-

257 1870 382 1924 tione,
412 1870 446 1916 Ι.
478 1869 536 1930 1.)

815 2023 894 2069 VI.

318 2174 439 2221 Vere
468 2174 834 2230 Quinctilianus:
871 2174 1137 2221 »Oratorem
1165 2175 1449 2221 instituimus

257 2252 390 2297 illum
420 2253 694 2313 perfectum,
725 2253 805 2312 qui
838 2267 932 2297 esse
963 2252 1051 2297 nisi
1082 2254 1155 2297 vir
1178 2252 1328 2297 bonus
1357 2267 1449 2296 non

255 2333 435 2387 potest:
471 2329 661 2388 ideoque
688 2344 780 2374 non
825 2328 1009 2375 dicendi
1054 2328 1189 2375 modo
1235 2329 1449 2375 eximiam

257 2404 306 2449 in
350 2419 402 2450 eo
446 2405 731 2459 facultatem,
776 2405 857 2451 sed
899 2421 1053 2451 omnes
1088 2406 1226 2451 animi
1258 2407 1449 2450 virtutes

259 2481 517 2541 exigimuS.''
568 2482 723 2535 (Instz't.
767 2481 881 2527 Orat.
928 2485 976 2527 in
1017 2482 1246 2540 prooemio
1274 2481 1351 2527 lib.
1393 2482 1447 2540 I.)
