1786 2956
304 315 372 344 vm
880 329 933 336 -.

302 439 336 472 et
376 435 413 472 in
457 449 526 486 qua
554 435 769 472 elaboranda
814 436 1057 486 quodammodo
1104 436 1208 473 etiam
1251 436 1495 475 consuluissem

301 504 431 541 studiis
467 504 551 541 meis
591 504 812 552 theoloqicis:
840 504 1003 552 colliqere
1030 504 1117 541 mibi
1135 506 1310 554 proposui
1339 519 1432 555 quae
1460 507 1497 544 in

301 572 444 621 scriptis
476 571 677 608 Clementis
716 570 961 608 Alexandrini
990 575 1178 609 exstarent
1206 573 1252 609 ad
1280 573 1498 610 illustranda

300 638 483 675 nonnulla
519 638 729 675 Platonicae
765 637 1021 688 philosophiae
1051 638 1181 689 capita.
1236 640 1307 677 Sed
1330 641 1499 677 materiae

298 707 570 755 maqnitudinem
609 719 764 743 concesso
805 705 892 742 mibi
929 707 1092 755 temporis
1131 708 1246 755 spatio
1274 708 1434 753 metiens,
1464 713 1499 746 ct

298 776 388 811 lianc
424 775 560 811 mittere
594 778 733 811 coactus
769 787 852 811 sum.
908 774 1049 811 Deinde
1085 775 1237 811 animum
1275 777 1413 813 adverti
1450 778 1501 813 acl

298 846 553 891 arqumentum,
582 843 676 893 quod
700 855 785 880 sane
811 842 1042 892 jucunditate
1070 856 1177 894 aeque
1209 848 1312 894 atque
1340 844 1499 881 utilitate

301 912 402 948 valde
430 924 466 947 se
494 910 750 948 commendabat
759 926 775 954 ;
796 923 860 959 per
888 911 1035 961 aliquod
1060 912 1285 948 hebdomades
1313 915 1499 960 oeczqoatus

281 979 354 1030 fui
390 979 429 1016 in
460 978 685 1028 perleqendis
723 979 926 1017 comicorum
959 993 1161 1028 (flaccorum
1186 979 1429 1030 fraqmentis,
1458 984 1498 1017 ut

296 1047 379 1084 iude
415 1049 600 1097 efficerem,
640 1047 826 1097 quomodo
861 1061 881 1084 a
909 1048 1056 1085 comicis
1086 1048 1233 1085 Graecis
1262 1047 1496 1098 philosophia

295 1116 335 1153 in
364 1129 473 1153 scena
501 1116 685 1166 exagitata
712 1115 770 1154 sit.
822 1116 908 1161 Sed,
943 1117 1027 1153 ebeu
1054 1129 1105 1153 me
1111 1117 1373 1165 fluctuantem!
1392 1116 1497 1153 etiam

296 1184 355 1221 la'c
382 1184 637 1229 animadverti,
661 1184 907 1233 qravissimum
936 1188 1192 1233 armamentum,
1216 1188 1255 1221 ut
1281 1188 1373 1221 recte
1406 1188 1497 1221 trac-

296 1257 447 1296 tmetur,
464 1244 689 1302 ‘nequaquam
716 1266 754 1290 eo
780 1253 942 1302 temporis
969 1253 1084 1301 spatio
1113 1252 1245 1289 absolvi
1255 1266 1379 1300 posse,
1399 1252 1496 1289 intra

295 1322 388 1371 quod
413 1321 607 1359 necessario
636 1321 881 1358 absolvendum
907 1321 994 1357 mibi
1022 1324 1108 1357 erat.

348 1390 440 1426 Mose
480 1402 560 1427 vero
602 1389 732 1426 reverti
772 1390 823 1426 ad
862 1389 1066 1434 Platonem,
1109 1394 1200 1426 certo
1237 1401 1381 1437 sperans
1405 1388 1496 1438 fore

296 1462 333 1495 ut
365 1457 596 1507 philosophia
637 1458 710 1508 ejus
752 1461 822 1494 tam
863 1458 936 1494 late
968 1461 1100 1506 patens
1139 1456 1379 1506 suppeditaret
1412 1456 1498 1492 scri-

294 1528 397 1564 bendi
423 1527 606 1564 materiam
641 1539 730 1576 quae
768 1527 860 1563 omni
895 1540 938 1563 ea·
962 1530 1067 1574 parte
1092 1525 1180 1563 mila·
1208 1525 1390 1563 arrideret.
1433 1525 1496 1561 Ita

293 1596 421 1633 evenit.

348 1664 396 1700 Iu
433 1664 586 1700 Platone
614 1663 758 1710 leqendo
792 1663 932 1711 saepius
962 1663 1277 1701 animadverteram
1304 1661 1496 1699 sententias

293 1732 336 1768 de
389 1743 473 1769 vera
515 1729 714 1780 eloquentia
755 1734 789 1768 et
833 1731 877 1768 de
918 1734 995 1768 arte
1037 1729 1211 1775 oratoria,
1252 1728 1416 1778 inprimis
1455 1728 1495 1764 in

294 1799 479 1843 Phaedro,
527 1797 659 1846 Gorqia
699 1798 850 1848 aliisque
887 1798 961 1847 ejus
1002 1798 1104 1834 libris
1136 1797 1274 1845 passim
1308 1796 1494 1845 dispersas.

299 1867 413 1915 Quid,
452 1865 485 1904 si
526 1866 630 1904 hasce
664 1865 861 1915 colliqerem
893 1869 928 1904 et
953 1865 992 1903 in
1021 1865 1177 1903 ordinem
1205 1865 1375 1915 quendam
1402 1863 1494 1901 redi-

289 1934 434 1984 ¹flerem?
495 1934 609 1982 Quid,
649 1934 682 1971 si
723 1934 904 1972 scriberem
947 1934 991 1972 de
1031 1933 1220 1985 principiis
1264 1933 1493 1983 eloquentiae

293 2018 313 2041 e
351 2005 475 2040 mente
512 2002 708 2041 Platonis?
765 2003 914 2041 Placuit
951 2006 1206 2052 arqumentum,
1243 2001 1358 2052 incepi
1385 2005 1420 2040 et
1447 2002 1497 2038 ad

280 2073 394 2119 finem
421 2071 665 2121 qualicumque
686 2072 784 2108 modo
794 2072 954 2119 perdum·
971 2072 1010 2108 in
1029 2072 1148 2108 libello
1167 2073 1276 2109 hocce.
1305 2070 1494 2108 Rationem

292 2142 327 2176 et
369 2138 480 2184 via-m,
525 2152 594 2190 qua
635 2139 813 2177 materiem
855 2140 1076 2177 tractandam
1117 2138 1342 2188 susceperim,
1384 2138 1493 2175 index

292 2206 443 2243 breviter
470 2205 652 2244 indicabit.

347 2274 447 2323 Boqo
477 2278 527 2321 te,
557 2275 685 2321 amice,
713 2290 757 2313 ne
775 2275 880 2314 nimis
898 2288 1013 2314 severe
1027 2276 1091 2313 boc
1109 2275 1310 2325 opusculum
1321 2273 1493 2325 judices!

293 2345 478 2382 Permulta
506 2348 596 2381 certe
623 2344 762 2389 insunt,
782 2358 870 2394 quae
893 2344 1028 2381 diutius
1051 2358 1073 2380 a
1096 2358 1148 2380 me
1162 2356 1341 2392 perpensa
1367 2342 1492 2378 melius

291 2414 452 2464 exposita
470 2414 621 2464 forent,
650 2413 772 2459 multa,
791 2426 880 2465 quae
900 2412 1034 2451 clarius
1057 2416 1249 2462 perspecta,
1267 2411 1388 2450 ordine
1403 2409 1491 2448 luci-

292 2484 390 2520 diore
419 2482 590 2530 disposita
618 2485 731 2518 essent
739 2498 754 2525 ;
774 2483 885 2529 probe
913 2482 1020 2526 scios
1041 2486 1207 2531 quantum
1235 2486 1268 2518 et
1296 2480 1490 2518 subtilioris
