1786 2956
879 307 935 350 60

356 456 485 496 Aenea
508 468 590 495 sum
604 456 707 507 virgo
735 459 846 506 atque
875 455 1000 495 Midae
1029 456 1207 495 incumbo
1236 458 1477 494 monumento
1490 483 1501 500 ‚

356 539 458 578 Dum
484 542 683 589 manatque
710 538 809 576 latex
836 537 1020 589 arborque
1048 537 1222 577 umbrosa
1249 538 1416 585 virescit,

357 625 562 661 Aeternum
590 621 650 658 hic
677 621 826 659 adstans
854 621 1046 671 lacrymosi
1073 622 1113 659 in
1140 622 1238 660 mole
1267 622 1448 673 sepulcri,

354 704 503 743 Nuncio
531 703 780 756 praetereunti
807 703 868 747 hic
896 718 974 744 esse
1002 704 1147 743 Midam
1174 705 1409 744 tumulatum.

300 818 355 864 In
404 834 497 878 quo
546 820 879 879 epigrammate
927 820 1047 864 nihil
1090 819 1306 872 interest,
1340 827 1501 865 utrum

300 897 450 955 primo
485 912 544 940 an
579 895 744 940 ultimo
771 898 871 940 loco
903 912 1068 941 versus
1098 897 1265 956 aliquis
1283 903 1500 956 ponatur.

298 970 329 1016 J
334 988 407 1016 am
424 974 689 1016 conferatur
707 988 813 1016 cum
830 975 912 1016 illa
934 973 1075 1032 ipsius
1111 972 1312 1017 Socratis
1340 974 1498 1017 oratio.

300 1047 390 1092 Hic
402 1051 604 1107 primum
615 1049 785 1105 definit,
798 1049 910 1107 quid
921 1050 978 1093 sit
993 1064 1131 1101 amor,
1146 1065 1283 1108 quem
1296 1050 1501 1094 ostendit

300 1140 396 1169 esse
427 1129 571 1178 μανίαν
620 1125 872 1184 quandam3
922 1126 1086 1171 deinde
1129 1126 1376 1185 distinguit
1405 1124 1499 1169 duo

298 1217 469 1261 genera
489 1207 653 1256 μανίας,
674 1217 874 1260 quorum
891 1205 1088 1247 alterum
1105 1203 1257 1248 denuo
1275 1203 1500 1247 dividitur

297 1278 345 1320 in
378 1283 578 1335 quatuor
610 1280 806 1335 species,
841 1284 886 1321 et
922 1280 988 1322 ita
1016 1293 1153 1337 porro
1182 1277 1499 1338 progreditur,

298 1360 350 1399 ut
384 1354 750 1400 animadvertere
782 1356 938 1408 liceat,
957 1355 1185 1414 quomodo
1218 1358 1268 1400 in
1291 1355 1498 1400 oratione

300 1447 386 1475 sua
434 1431 690 1490 separando
739 1437 784 1475 et
824 1432 1084 1491 jungendo,
1128 1432 1155 1475 i.
1189 1446 1223 1476 e.
1258 1431 1497 1476 dialectica

300 1508 385 1560 via,
403 1522 502 1552 rem
534 1507 737 1552 declaret
773 1505 832 1566 1).
866 1506 938 1552 Ex
971 1500 1055 1552 hoc
1087 1510 1298 1567 exemplo
1328 1508 1499 1567 optime

299 1584 472 1629 discere
519 1582 760 1629 Phaedrus
792 1589 996 1644 poterat,
1041 1585 1242 1644 primum
1275 1598 1369 1629 esse
1402 1583 1499 1629 rhe-

297 1663 465 1706 torices
498 1667 820 1721 praeceptum,
849 1668 903 1706 ut
924 1661 1193 1720 perspicuae
1209 1663 1304 1705 sint
1322 1668 1499 1705 senten-

297 1738 409 1789 tiae,
438 1737 589 1781 lucido
634 1737 790 1781 ordine
834 1743 880 1781 et
913 1752 1040 1782 nexu
1068 1739 1189 1781 inter
1221 1752 1268 1781 se
1295 1737 1496 1795 junctae.

295 1814 492 1858 Brevius
526 1821 572 1858 et
605 1814 775 1858 clarius
818 1814 866 1857 id
911 1813 1142 1872 explicare
1176 1812 1385 1857 Socrates
1403 1830 1495 1857 non

295 1896 486 1951 poterat,
512 1890 584 1935 cui
612 1906 903 1950 nequaquam
933 1897 1034 1935 erat
1056 1890 1345 1950 propositum
1361 1890 1493 1935 brevi

294 1983 502 2012 sermone
556 1968 848 2026 disciplinam
906 1967 1311 2026 comprehendere,
1361 1968 1494 2025 cujus

293 2045 548 2103 perfectum
597 2044 976 2102 elaboratumque
1024 2049 1223 2103 systema
1270 2059 1362 2087 non
1400 2045 1493 2087 nisi

295 2122 548 2165 multorum
598 2122 858 2165 seculorum
902 2135 1044 2180 opera
1087 2121 1247 2179 perfici
1295 2127 1491 2178 poterat.

294 2196 408 2241 Inde
451 2197 594 2256 probe
637 2196 897 2257 intelligere
934 2212 1200 2256 possumus,
1250 2211 1332 2241 cur
1367 2196 1491 2255 apud

295 2272 535 2319 Platonem
567 2276 858 2319 inveniamus
892 2274 1126 2332 principi-a
1147 2279 1327 2318 tantum
1362 2288 1494 2318 verae

336 2514 368 2557 1)
392 2511 542 2547 Phaedr.
563 2522 596 2556 p.
622 2511 794 2546 263—266
818 2511 854 2546 O.
