<?xml version="1.0" encoding="UTF-8"?>
<!DOCTYPE html PUBLIC "-//W3C//DTD XHTML 1.0 Transitional//EN"
    "http://www.w3.org/TR/xhtml1/DTD/xhtml1-transitional.dtd">
<html xmlns="http://www.w3.org/1999/xhtml" xml:lang="en" lang="en">
 <head>
  <title>
</title>
<meta http-equiv="Content-Type" content="text/html;charset=utf-8" />
  <meta name='ocr-system' content='tesseract 3.04.00' />
  <meta name='ocr-capabilities' content='ocr_page ocr_carea ocr_par ocr_line ocrx_word'/>
</head>
<body>
  <div class='ocr_page' id='page_1' title='image "4738090_0030.png"; bbox 0 0 1786 2956; ppageno 0'>
   <div class='ocr_carea' id='block_1_1' title="bbox 861 304 915 346">
    <p class='ocr_par' dir='ltr' id='par_1_1' title="bbox 861 304 915 346">
     <span class='ocr_line' id='line_1_1' title="bbox 861 304 915 346; baseline 0 0"><span class='ocrx_word' id='word_1_1' title='bbox 861 304 915 346; x_wconf 80' lang='lat'>12</span> 
     </span>
    </p>
   </div>
   <div class='ocr_carea' id='block_1_2' title="bbox 281 439 1486 2579">
    <p class='ocr_par' dir='ltr' id='par_1_2' title="bbox 281 439 1486 2579">
     <span class='ocr_line' id='line_1_2' title="bbox 289 439 1484 498; baseline 0 -15"><span class='ocrx_word' id='word_1_2' title='bbox 289 440 455 497; x_wconf 90' lang='lat' dir='ltr'>quibus</span> <span class='ocrx_word' id='word_1_3' title='bbox 489 455 548 483; x_wconf 82' lang='lat' dir='ltr'>ex</span> <span class='ocrx_word' id='word_1_4' title='bbox 579 440 733 483; x_wconf 91' lang='lat' dir='ltr'>verbis</span> <span class='ocrx_word' id='word_1_5' title='bbox 766 440 943 483; x_wconf 90' lang='lat' dir='ltr'>efficere</span> <span class='ocrx_word' id='word_1_6' title='bbox 975 439 1106 495; x_wconf 89' lang='lat' dir='ltr'>licet,</span> <span class='ocrx_word' id='word_1_7' title='bbox 1124 454 1261 498; x_wconf 91' lang='lat' dir='ltr'>quam</span> <span class='ocrx_word' id='word_1_8' title='bbox 1277 439 1415 484; x_wconf 89' lang='lat' dir='ltr'>tristis</span> <span class='ocrx_word' id='word_1_9' title='bbox 1432 454 1484 483; x_wconf 93' lang='lat' dir='ltr'>eo</span> 
     </span>
     <span class='ocr_line' id='line_1_3' title="bbox 288 515 1483 575; baseline -0.001 -15"><span class='ocrx_word' id='word_1_10' title='bbox 288 524 493 575; x_wconf 90' lang='lat' dir='ltr'>tempore</span> <span class='ocrx_word' id='word_1_11' title='bbox 542 522 659 560; x_wconf 89' lang='lat' dir='ltr'>esset</span> <span class='ocrx_word' id='word_1_12' title='bbox 707 515 904 559; x_wconf 77' lang='lat' dir='ltr'>Athenis</span> <span class='ocrx_word' id='word_1_13' title='bbox 953 516 1237 573; x_wconf 78' lang='lat' dir='ltr'>eloquentiae</span> <span class='ocrx_word' id='word_1_14' title='bbox 1270 516 1483 560; x_wconf 91' lang='lat' dir='ltr'>conditio.</span> 
     </span>
     <span class='ocr_line' id='line_1_4' title="bbox 288 590 1483 651; baseline 0 -15"><span class='ocrx_word' id='word_1_15' title='bbox 288 591 363 636; x_wconf 91' lang='lat' dir='ltr'>Ad</span> <span class='ocrx_word' id='word_1_16' title='bbox 413 592 524 637; x_wconf 91' lang='lat' dir='ltr'>haec</span> <span class='ocrx_word' id='word_1_17' title='bbox 570 590 778 637; x_wconf 86' lang='lat' dir='ltr'>Socrates</span> <span class='ocrx_word' id='word_1_18' title='bbox 828 591 1052 643; x_wconf 78' lang='lat' dir='ltr'>ostendit,</span> <span class='ocrx_word' id='word_1_19' title='bbox 1103 606 1238 650; x_wconf 90' lang='lat' dir='ltr'>quam</span> <span class='ocrx_word' id='word_1_20' title='bbox 1269 591 1483 651; x_wconf 84' lang='lat' dir='ltr'>turpibus</span> 
     </span>
     <span class='ocr_line' id='line_1_5' title="bbox 288 669 1486 728; baseline 0 -14"><span class='ocrx_word' id='word_1_21' title='bbox 288 677 333 714; x_wconf 91' lang='lat' dir='ltr'>et</span> <span class='ocrx_word' id='word_1_22' title='bbox 364 670 578 715; x_wconf 89' lang='lat' dir='ltr'>futilibus</span> <span class='ocrx_word' id='word_1_23' title='bbox 611 669 850 728; x_wconf 87' lang='lat' dir='ltr'>principiis</span> <span class='ocrx_word' id='word_1_24' title='bbox 888 669 1061 713; x_wconf 86' lang='lat' dir='ltr'>nitatur</span> <span class='ocrx_word' id='word_1_25' title='bbox 1107 670 1363 714; x_wconf 88' lang='lat' dir='ltr'>istiusmodi</span> <span class='ocrx_word' id='word_1_26' title='bbox 1397 671 1486 714; x_wconf 88' lang='lat' dir='ltr'>elo·</span> 
     </span>
     <span class='ocr_line' id='line_1_6' title="bbox 286 746 1484 807; baseline 0 -16"><span class='ocrx_word' id='word_1_27' title='bbox 286 749 496 807; x_wconf 77' lang='lat' dir='ltr'>quentia,</span> <span class='ocrx_word' id='word_1_28' title='bbox 558 762 675 805; x_wconf 88' lang='lat' dir='ltr'>quae</span> <span class='ocrx_word' id='word_1_29' title='bbox 734 762 818 805; x_wconf 91' lang='lat' dir='ltr'>pro</span> <span class='ocrx_word' id='word_1_30' title='bbox 876 762 988 791; x_wconf 86' lang='lat' dir='ltr'>vero</span> <span class='ocrx_word' id='word_1_31' title='bbox 1037 746 1232 806; x_wconf 84' lang='lat' dir='ltr'>speciem</span> <span class='ocrx_word' id='word_1_32' title='bbox 1279 753 1484 791; x_wconf 84' lang='lat' dir='ltr'>venatur.</span> 
     </span>
     <span class='ocr_line' id='line_1_7' title="bbox 285 822 1484 882; baseline -0.002 -14"><span class='ocrx_word' id='word_1_33' title='bbox 285 823 436 868; x_wconf 88' lang='lat' dir='ltr'>Vocat</span> <span class='ocrx_word' id='word_1_34' title='bbox 470 839 569 867; x_wconf 88' lang='lat' dir='ltr'>eam</span> <span class='ocrx_word' id='word_1_35' title='bbox 602 823 777 882; x_wconf 86' lang='lat' dir='ltr'>gratiae</span> <span class='ocrx_word' id='word_1_36' title='bbox 811 829 857 867; x_wconf 91' lang='lat' dir='ltr'>et</span> <span class='ocrx_word' id='word_1_37' title='bbox 888 823 1141 882; x_wconf 86' lang='lat' dir='ltr'>voluptatis</span> <span class='ocrx_word' id='word_1_38' title='bbox 1175 822 1484 867; x_wconf 83' lang='lat' dir='ltr'>conciliandae</span> 
     </span>
     <span class='ocr_line' id='line_1_8' title="bbox 285 903 1485 960; baseline -0.004 -14"><span class='ocrx_word' id='word_1_39' title='bbox 285 903 710 960; x_wconf 60' lang='lat' dir='ltr'>peritiam(e⁷1⁴mc9t&#39;av</span> <span class='ocrx_word' id='word_1_40' title='bbox 730 908 875 957; x_wconf 76' lang='grc' dir='ltr'><strong><em>χάριτός</em></strong></span> <span class='ocrx_word' id='word_1_41' title='bbox 889 920 990 950; x_wconf 81' lang='grc' dir='ltr'><strong><em>τινος</em></strong></span> <span class='ocrx_word' id='word_1_42' title='bbox 1011 906 1072 943; x_wconf 85' lang='grc' dir='ltr'>καὶ</span> <span class='ocrx_word' id='word_1_43' title='bbox 1083 904 1217 954; x_wconf 77' lang='grc' dir='ltr'>ἡδονῆς</span> <span class='ocrx_word' id='word_1_44' title='bbox 1230 904 1485 955; x_wconf 71' lang='grc' dir='ltr'>ἀπεργασίας),</span> 
     </span>
     <span class='ocr_line' id='line_1_9' title="bbox 284 978 1482 1041; baseline -0.002 -18"><span class='ocrx_word' id='word_1_45' title='bbox 284 987 329 1023; x_wconf 89' lang='lat' dir='ltr'>et</span> <span class='ocrx_word' id='word_1_46' title='bbox 376 978 491 1024; x_wconf 92' lang='lat' dir='ltr'>Polo</span> <span class='ocrx_word' id='word_1_47' title='bbox 523 982 726 1040; x_wconf 85' lang='lat' dir='ltr'>roganti,</span> <span class='ocrx_word' id='word_1_48' title='bbox 761 996 871 1024; x_wconf 90' lang='lat' dir='ltr'>num</span> <span class='ocrx_word' id='word_1_49' title='bbox 902 981 1097 1041; x_wconf 86' lang='lat' dir='ltr'>pulchra</span> <span class='ocrx_word' id='word_1_50' title='bbox 1145 980 1235 1039; x_wconf 88' lang='lat' dir='ltr'>ipsi</span> <span class='ocrx_word' id='word_1_51' title='bbox 1266 980 1482 1025; x_wconf 87' lang='lat' dir='ltr'>videatur</span> 
     </span>
     <span class='ocr_line' id='line_1_10' title="bbox 284 1056 1485 1116; baseline -0.001 -17"><span class='ocrx_word' id='word_1_52' title='bbox 284 1056 392 1100; x_wconf 84' lang='lat' dir='ltr'>talis</span> <span class='ocrx_word' id='word_1_53' title='bbox 442 1058 728 1115; x_wconf 87' lang='lat' dir='ltr'>eloquentia,</span> <span class='ocrx_word' id='word_1_54' title='bbox 748 1072 864 1115; x_wconf 90' lang='lat' dir='ltr'>quae</span> <span class='ocrx_word' id='word_1_55' title='bbox 896 1057 1145 1116; x_wconf 86' lang='lat' dir='ltr'>gratificari</span> <span class='ocrx_word' id='word_1_56' title='bbox 1163 1057 1308 1115; x_wconf 86' lang='lat' dir='ltr'>possit</span> <span class='ocrx_word' id='word_1_57' title='bbox 1341 1056 1485 1100; x_wconf 89' lang='lat' dir='ltr'>homi-</span> 
     </span>
     <span class='ocr_line' id='line_1_11' title="bbox 284 1132 1484 1193; baseline -0.001 -17"><span class='ocrx_word' id='word_1_58' title='bbox 284 1133 438 1184; x_wconf 82' lang='lat' dir='ltr'>nibus,</span> <span class='ocrx_word' id='word_1_59' title='bbox 494 1133 646 1191; x_wconf 88' lang='lat' dir='ltr'>jocose</span> <span class='ocrx_word' id='word_1_60' title='bbox 707 1132 916 1178; x_wconf 89' lang='lat' dir='ltr'>Socrates</span> <span class='ocrx_word' id='word_1_61' title='bbox 971 1134 1235 1193; x_wconf 89' lang='lat' dir='ltr'>respondet,</span> <span class='ocrx_word' id='word_1_62' title='bbox 1286 1134 1484 1177; x_wconf 88' lang='lat' dir='ltr'>similem</span> 
     </span>
     <span class='ocr_line' id='line_1_12' title="bbox 285 1209 1485 1255; baseline -0.002 -1"><span class='ocrx_word' id='word_1_63' title='bbox 285 1226 381 1255; x_wconf 92' lang='lat' dir='ltr'>eam</span> <span class='ocrx_word' id='word_1_64' title='bbox 432 1211 519 1255; x_wconf 90' lang='lat' dir='ltr'>sibi</span> <span class='ocrx_word' id='word_1_65' title='bbox 562 1211 707 1255; x_wconf 89' lang='lat' dir='ltr'>videri</span> <span class='ocrx_word' id='word_1_66' title='bbox 755 1211 1051 1255; x_wconf 90' lang='lat' dir='ltr'>obsoniorum</span> <span class='ocrx_word' id='word_1_67' title='bbox 1099 1209 1485 1254; x_wconf 88' lang='lat' dir='ltr'>conficiendorum</span> 
     </span>
     <span class='ocr_line' id='line_1_13' title="bbox 285 1287 1484 1347; baseline -0.001 -15"><span class='ocrx_word' id='word_1_68' title='bbox 285 1287 503 1347; x_wconf 64' lang='lat' dir='ltr'>peritiae,</span> <span class='ocrx_word' id='word_1_69' title='bbox 552 1293 797 1346; x_wconf 82' lang='lat' dir='ltr'>utrumque</span> <span class='ocrx_word' id='word_1_70' title='bbox 846 1289 1024 1333; x_wconf 86' lang='lat' dir='ltr'>efficere</span> <span class='ocrx_word' id='word_1_71' title='bbox 1067 1292 1247 1347; x_wconf 91' lang='lat' dir='ltr'>partem</span> <span class='ocrx_word' id='word_1_72' title='bbox 1279 1287 1484 1346; x_wconf 89' lang='lat' dir='ltr'>ejusdem</span> 
     </span>
     <span class='ocr_line' id='line_1_14' title="bbox 285 1364 1485 1423; baseline -0.001 -15"><span class='ocrx_word' id='word_1_73' title='bbox 285 1366 488 1409; x_wconf 87' lang='lat' dir='ltr'>instituti</span> <span class='ocrx_word' id='word_1_74' title='bbox 538 1367 844 1417; x_wconf 66' lang='grc' dir='ltr'>(ἐπιτηδεύσεως),</span> <span class='ocrx_word' id='word_1_75' title='bbox 889 1365 1012 1421; x_wconf 88' lang='lat' dir='ltr'>quod</span> <span class='ocrx_word' id='word_1_76' title='bbox 1059 1364 1349 1423; x_wconf 87' lang='lat' dir='ltr'>propositum</span> <span class='ocrx_word' id='word_1_77' title='bbox 1397 1365 1485 1408; x_wconf 88' lang='lat' dir='ltr'>sibi</span> 
     </span>
     <span class='ocr_line' id='line_1_15' title="bbox 286 1438 1484 1501; baseline -0.003 -13"><span class='ocrx_word' id='word_1_78' title='bbox 286 1443 456 1489; x_wconf 90' lang='lat' dir='ltr'>habeat</span> <span class='ocrx_word' id='word_1_79' title='bbox 489 1442 798 1489; x_wconf 89' lang='lat' dir='ltr'>adulationem</span> <span class='ocrx_word' id='word_1_80' title='bbox 822 1443 1052 1498; x_wconf 68' lang='grc' dir='ltr'>(κολακείαν)</span> <span class='ocrx_word' id='word_1_81' title='bbox 1070 1439 1323 1501; x_wconf 89' lang='lat' dir='ltr'>quamdam.</span> <span class='ocrx_word' id='word_1_82' title='bbox 1355 1438 1484 1485; x_wconf 84' lang='lat' dir='ltr'>Exis-</span> 
     </span>
     <span class='ocr_line' id='line_1_16' title="bbox 286 1520 1485 1579; baseline -0.003 -15"><span class='ocrx_word' id='word_1_83' title='bbox 286 1521 422 1565; x_wconf 90' lang='lat' dir='ltr'>timat</span> <span class='ocrx_word' id='word_1_84' title='bbox 465 1522 654 1565; x_wconf 89' lang='lat' dir='ltr'>illorum</span> <span class='ocrx_word' id='word_1_85' title='bbox 700 1521 1002 1579; x_wconf 85' lang='lat' dir='ltr'>eloquentiam</span> <span class='ocrx_word' id='word_1_86' title='bbox 1053 1520 1343 1562; x_wconf 86' lang='lat' dir='ltr'>simulacrum</span> <span class='ocrx_word' id='word_1_87' title='bbox 1390 1532 1485 1561; x_wconf 85' lang='lat' dir='ltr'>esse</span> 
     </span>
     <span class='ocr_line' id='line_1_17' title="bbox 285 1596 1483 1657; baseline -0.001 -17"><span class='ocrx_word' id='word_1_88' title='bbox 285 1598 433 1656; x_wconf 76' lang='lat' dir='ltr'>partis</span> <span class='ocrx_word' id='word_1_89' title='bbox 455 1596 691 1656; x_wconf 82' lang='lat' dir='ltr'>cujusdam</span> <span class='ocrx_word' id='word_1_90' title='bbox 709 1597 913 1657; x_wconf 78' lang='lat' dir='ltr'>politices</span> <span class='ocrx_word' id='word_1_91' title='bbox 934 1599 1102 1653; x_wconf 77' lang='grc' dir='ltr'>(εἴδωλον</span> <span class='ocrx_word' id='word_1_92' title='bbox 1118 1599 1483 1654; x_wconf 49' lang='grc' dir='ltr'><em>πολιτικῆςζμορίου).</em></span> 
     </span>
     <span class='ocr_line' id='line_1_18' title="bbox 289 1674 1483 1735; baseline 0.002 -17"><span class='ocrx_word' id='word_1_93' title='bbox 289 1674 347 1718; x_wconf 90' lang='lat' dir='ltr'>Ut</span> <span class='ocrx_word' id='word_1_94' title='bbox 380 1676 548 1719; x_wconf 89' lang='lat' dir='ltr'>clarius</span> <span class='ocrx_word' id='word_1_95' title='bbox 582 1675 814 1728; x_wconf 88' lang='lat' dir='ltr'>ostendat,</span> <span class='ocrx_word' id='word_1_96' title='bbox 844 1677 956 1735; x_wconf 91' lang='lat' dir='ltr'>quid</span> <span class='ocrx_word' id='word_1_97' title='bbox 983 1678 1071 1722; x_wconf 90' lang='lat' dir='ltr'>sibi</span> <span class='ocrx_word' id='word_1_98' title='bbox 1104 1680 1240 1729; x_wconf 90' lang='lat' dir='ltr'>velit,</span> <span class='ocrx_word' id='word_1_99' title='bbox 1270 1679 1483 1735; x_wconf 84' lang='lat' dir='ltr'>exemplo</span> 
     </span>
     <span class='ocr_line' id='line_1_19' title="bbox 286 1752 1484 1814; baseline 0.003 -19"><span class='ocrx_word' id='word_1_100' title='bbox 286 1752 483 1811; x_wconf 90' lang='lat' dir='ltr'>quodam</span> <span class='ocrx_word' id='word_1_101' title='bbox 516 1752 683 1797; x_wconf 88' lang='lat' dir='ltr'>utitur:</span> <span class='ocrx_word' id='word_1_102' title='bbox 717 1754 819 1798; x_wconf 91' lang='lat' dir='ltr'>fieri</span> <span class='ocrx_word' id='word_1_103' title='bbox 869 1761 1042 1812; x_wconf 89' lang='lat' dir='ltr'>potest,</span> <span class='ocrx_word' id='word_1_104' title='bbox 1091 1755 1262 1814; x_wconf 91' lang='lat' dir='ltr'>inquit,</span> <span class='ocrx_word' id='word_1_105' title='bbox 1312 1761 1362 1798; x_wconf 91' lang='lat' dir='ltr'>ut</span> <span class='ocrx_word' id='word_1_106' title='bbox 1404 1755 1484 1798; x_wconf 90' lang='lat' dir='ltr'>ali-</span> 
     </span>
     <span class='ocr_line' id='line_1_20' title="bbox 286 1831 1485 1888; baseline 0.003 -16"><span class='ocrx_word' id='word_1_107' title='bbox 286 1831 388 1887; x_wconf 92' lang='lat' dir='ltr'>quis</span> <span class='ocrx_word' id='word_1_108' title='bbox 422 1845 531 1873; x_wconf 89' lang='lat' dir='ltr'>sano</span> <span class='ocrx_word' id='word_1_109' title='bbox 564 1846 755 1888; x_wconf 88' lang='lat' dir='ltr'>corpore</span> <span class='ocrx_word' id='word_1_110' title='bbox 789 1846 884 1875; x_wconf 91' lang='lat' dir='ltr'>esse</span> <span class='ocrx_word' id='word_1_111' title='bbox 901 1832 1202 1882; x_wconf 86' lang='lat' dir='ltr'>videatur,at</span> <span class='ocrx_word' id='word_1_112' title='bbox 1217 1847 1377 1875; x_wconf 89' lang='lat' dir='ltr'>revera</span> <span class='ocrx_word' id='word_1_113' title='bbox 1393 1847 1485 1875; x_wconf 93' lang='lat' dir='ltr'>non</span> 
     </span>
     <span class='ocr_line' id='line_1_21' title="bbox 285 1906 1486 1966; baseline 0.002 -17"><span class='ocrx_word' id='word_1_114' title='bbox 285 1906 366 1957; x_wconf 90' lang='lat' dir='ltr'>sit,</span> <span class='ocrx_word' id='word_1_115' title='bbox 402 1906 524 1964; x_wconf 94' lang='lat' dir='ltr'>quod</span> <span class='ocrx_word' id='word_1_116' title='bbox 557 1922 585 1950; x_wconf 89' lang='lat' dir='ltr'>a</span> <span class='ocrx_word' id='word_1_117' title='bbox 617 1906 796 1950; x_wconf 90' lang='lat' dir='ltr'>nemine</span> <span class='ocrx_word' id='word_1_118' title='bbox 818 1907 1115 1966; x_wconf 82' lang='lat' dir='ltr'>dignoscatur</span> <span class='ocrx_word' id='word_1_119' title='bbox 1131 1907 1218 1951; x_wconf 88' lang='lat' dir='ltr'>nisi</span> <span class='ocrx_word' id='word_1_120' title='bbox 1236 1907 1486 1952; x_wconf 88' lang='lat' dir='ltr'>medicinae</span> 
     </span>
     <span class='ocr_line' id='line_1_22' title="bbox 284 1983 1484 2043; baseline 0.001 -16"><span class='ocrx_word' id='word_1_121' title='bbox 284 1985 458 2041; x_wconf 90' lang='lat' dir='ltr'>perito;</span> <span class='ocrx_word' id='word_1_122' title='bbox 499 1983 571 2027; x_wconf 93' lang='lat' dir='ltr'>hic</span> <span class='ocrx_word' id='word_1_123' title='bbox 603 1984 745 2042; x_wconf 90' lang='lat' dir='ltr'>probe</span> <span class='ocrx_word' id='word_1_124' title='bbox 778 1984 929 2035; x_wconf 81' lang='lat' dir='ltr'>novit,</span> <span class='ocrx_word' id='word_1_125' title='bbox 965 1985 1150 2043; x_wconf 90' lang='lat' dir='ltr'>quinam</span> <span class='ocrx_word' id='word_1_126' title='bbox 1184 1984 1273 2028; x_wconf 85' lang='lat' dir='ltr'>eibi</span> <span class='ocrx_word' id='word_1_127' title='bbox 1303 1985 1484 2043; x_wconf 89' lang='lat' dir='ltr'>prosint</span> 
     </span>
     <span class='ocr_line' id='line_1_23' title="bbox 285 2060 1484 2121; baseline 0.001 -17"><span class='ocrx_word' id='word_1_128' title='bbox 285 2060 565 2120; x_wconf 81' lang='lat' dir='ltr'>aegrotanti,</span> <span class='ocrx_word' id='word_1_129' title='bbox 611 2061 797 2120; x_wconf 89' lang='lat' dir='ltr'>quinam</span> <span class='ocrx_word' id='word_1_130' title='bbox 836 2068 1050 2113; x_wconf 88' lang='lat' dir='ltr'>noceant,</span> <span class='ocrx_word' id='word_1_131' title='bbox 1100 2061 1318 2121; x_wconf 90' lang='lat' dir='ltr'>quoniam</span> <span class='ocrx_word' id='word_1_132' title='bbox 1369 2076 1484 2105; x_wconf 90' lang='lat' dir='ltr'>unus</span> 
     </span>
     <span class='ocr_line' id='line_1_24' title="bbox 284 2137 1483 2196; baseline 0.002 -16"><span class='ocrx_word' id='word_1_133' title='bbox 284 2137 367 2180; x_wconf 84' lang='lat' dir='ltr'>hac</span> <span class='ocrx_word' id='word_1_134' title='bbox 420 2139 468 2181; x_wconf 92' lang='lat' dir='ltr'>in</span> <span class='ocrx_word' id='word_1_135' title='bbox 516 2145 646 2196; x_wconf 89' lang='lat' dir='ltr'>parte</span> <span class='ocrx_word' id='word_1_136' title='bbox 689 2154 854 2183; x_wconf 89' lang='lat' dir='ltr'>verum</span> <span class='ocrx_word' id='word_1_137' title='bbox 902 2139 1031 2184; x_wconf 89' lang='lat' dir='ltr'>videt</span> <span class='ocrx_word' id='word_1_138' title='bbox 1064 2146 1109 2183; x_wconf 91' lang='lat' dir='ltr'>et</span> <span class='ocrx_word' id='word_1_139' title='bbox 1151 2155 1261 2184; x_wconf 90' lang='lat' dir='ltr'>vero</span> <span class='ocrx_word' id='word_1_140' title='bbox 1302 2145 1483 2183; x_wconf 90' lang='lat' dir='ltr'>tantum</span> 
     </span>
     <span class='ocr_line' id='line_1_25' title="bbox 284 2213 1483 2274; baseline 0.003 -18"><span class='ocrx_word' id='word_1_141' title='bbox 284 2216 499 2258; x_wconf 91' lang='lat' dir='ltr'>consulit.</span> <span class='ocrx_word' id='word_1_142' title='bbox 534 2213 622 2258; x_wconf 88' lang='lat' dir='ltr'>Sed</span> <span class='ocrx_word' id='word_1_143' title='bbox 655 2216 902 2259; x_wconf 86' lang='lat' dir='ltr'>artificium</span> <span class='ocrx_word' id='word_1_144' title='bbox 935 2218 1255 2274; x_wconf 90' lang='lat' dir='ltr'>coquinarium</span> <span class='ocrx_word' id='word_1_145' title='bbox 1272 2215 1483 2273; x_wconf 90' lang='lat' dir='ltr'>subrepit</span> 
     </span>
     <span class='ocr_line' id='line_1_26' title="bbox 283 2290 1483 2346; baseline 0.003 -14"><span class='ocrx_word' id='word_1_146' title='bbox 283 2291 333 2333; x_wconf 90' lang='lat' dir='ltr'>in</span> <span class='ocrx_word' id='word_1_147' title='bbox 377 2290 528 2334; x_wconf 86' lang='lat' dir='ltr'>locum</span> <span class='ocrx_word' id='word_1_148' title='bbox 575 2291 851 2346; x_wconf 84' lang='lat' dir='ltr'>medicinae,</span> <span class='ocrx_word' id='word_1_149' title='bbox 885 2292 1158 2337; x_wconf 90' lang='lat' dir='ltr'>destitutum</span> <span class='ocrx_word' id='word_1_150' title='bbox 1206 2293 1291 2335; x_wconf 90' lang='lat' dir='ltr'>hac</span> <span class='ocrx_word' id='word_1_151' title='bbox 1339 2292 1385 2335; x_wconf 92' lang='lat' dir='ltr'>in</span> <span class='ocrx_word' id='word_1_152' title='bbox 1435 2307 1483 2336; x_wconf 93' lang='lat' dir='ltr'>re</span> 
     </span>
     <span class='ocr_line' id='line_1_27' title="bbox 282 2367 1484 2427; baseline 0.002 -17"><span class='ocrx_word' id='word_1_153' title='bbox 282 2367 539 2425; x_wconf 90' lang='lat' dir='ltr'>cognitione</span> <span class='ocrx_word' id='word_1_154' title='bbox 574 2369 697 2423; x_wconf 90' lang='lat' dir='ltr'>veri,</span> <span class='ocrx_word' id='word_1_155' title='bbox 730 2368 865 2427; x_wconf 89' lang='lat' dir='ltr'>plane</span> <span class='ocrx_word' id='word_1_156' title='bbox 909 2369 1127 2427; x_wconf 88' lang='lat' dir='ltr'>ignorans</span> <span class='ocrx_word' id='word_1_157' title='bbox 1172 2370 1362 2426; x_wconf 88' lang='lat' dir='ltr'>quinam</span> <span class='ocrx_word' id='word_1_158' title='bbox 1396 2369 1484 2414; x_wconf 89' lang='lat' dir='ltr'>cibi</span> 
     </span>
     <span class='ocr_line' id='line_1_28' title="bbox 281 2444 1484 2504; baseline 0.002 -16"><span class='ocrx_word' id='word_1_159' title='bbox 281 2445 374 2489; x_wconf 90' lang='lat' dir='ltr'>sint</span> <span class='ocrx_word' id='word_1_160' title='bbox 418 2444 604 2502; x_wconf 84' lang='lat' dir='ltr'>optimi,</span> <span class='ocrx_word' id='word_1_161' title='bbox 654 2451 830 2488; x_wconf 89' lang='lat' dir='ltr'>tantum</span> <span class='ocrx_word' id='word_1_162' title='bbox 881 2445 966 2490; x_wconf 89' lang='lat' dir='ltr'>sibi</span> <span class='ocrx_word' id='word_1_163' title='bbox 1015 2461 1278 2504; x_wconf 85' lang='lat' dir='ltr'>proponens</span> <span class='ocrx_word' id='word_1_164' title='bbox 1328 2446 1484 2490; x_wconf 87' lang='lat' dir='ltr'>adula-</span> 
     </span>
     <span class='ocr_line' id='line_1_29' title="bbox 283 2520 1484 2579; baseline 0 -15"><span class='ocrx_word' id='word_1_165' title='bbox 283 2522 456 2565; x_wconf 87' lang='lat' dir='ltr'>tionem</span> <span class='ocrx_word' id='word_1_166' title='bbox 508 2521 763 2579; x_wconf 87' lang='lat' dir='ltr'>quamdam.</span> <span class='ocrx_word' id='word_1_167' title='bbox 844 2520 951 2565; x_wconf 68' lang='lat' dir='ltr'>&lt;Iam</span> <span class='ocrx_word' id='word_1_168' title='bbox 1002 2537 1110 2566; x_wconf 89' lang='lat' dir='ltr'>vero</span> <span class='ocrx_word' id='word_1_169' title='bbox 1161 2522 1316 2567; x_wconf 86' lang='lat' dir='ltr'>eadem</span> <span class='ocrx_word' id='word_1_170' title='bbox 1365 2524 1484 2566; x_wconf 87' lang='lat' dir='ltr'>ratio</span> 
     </span>
    </p>
   </div>
  </div>
 </body>
</html>
