1786 2956
884 326 911 367 4

297 464 421 504 clara
433 462 477 503 in
492 461 592 505 luce
605 463 759 517 posuit
770 460 932 518 religio
945 460 1207 514 christiana,
1218 458 1494 504 ostendendo

296 536 406 595 quid
435 537 495 580 sit
522 536 806 594 propositum
833 541 1051 594 tanquam
1074 550 1303 579 summum
1323 535 1493 580 bonum

296 625 388 657 tam
417 613 610 671 singulis
638 612 901 656 hominibus
932 612 1309 670 quamuniverso
1336 611 1495 671 generi

297 691 506 734 humano.
569 687 694 732 Haec
738 688 916 747 religio,
970 703 1086 747 quae
1134 689 1242 746 jure
1284 694 1309 741 ἡ
1334 689 1496 742 ἀληθεία

296 773 509 818 vocatur,
533 766 641 822 quia
663 765 842 822 aperuit
857 767 981 808 viam
1000 765 1059 807 ad
1074 765 1217 808 vitam
1244 781 1354 809 vere
1381 771 1494 809 vita-

296 844 404 893 lem,
438 847 505 886 est
531 842 696 901 religio
724 841 931 902 gentium
956 842 1282 894 recentiorum,
1310 842 1496 900 ejusque

297 918 527 972 conditor,
566 919 643 977 qui
676 934 783 963 vere
816 920 873 964 de
906 934 953 963 se
985 919 1291 977 praedicavit:
1324 923 1395 968 ἐγώ
1426 923 1496 971 εἶμι

297 1002 321 1048 ἡ
366 999 471 1048 ὁδός,
508 1016 530 1049 η
573 997 738 1050 ἀληθεία
779 1002 841 1038 καὶ
881 1002 904 1039 ό
947 1001 1049 1053 βίος,
1092 998 1268 1041 nullam
1310 996 1496 1056 reliquit

299 1074 635 1117 dubitationem
673 1074 729 1117 de
770 1076 1045 1132 gravissima
1076 1075 1360 1133 quaestione,
1400 1072 1497 1117 tam

298 1150 490 1209 singulis
511 1150 773 1195 hominibus
803 1166 942 1209 quam
966 1153 1091 1196 omni
1118 1152 1277 1211 generi
1295 1149 1496 1195 humano

296 1226 550 1285 proposita,
595 1225 709 1285 quid
748 1228 1046 1285 sequendum,
1096 1228 1206 1286 quid
1237 1226 1496 1271 faciendum

297 1306 382 1349 sit?
433 1304 536 1347 Non
564 1304 612 1348 in
639 1303 838 1348 obscuro
866 1307 984 1349 latet
1010 1320 1291 1364 responsum.
1343 1303 1497 1348 Inves-

298 1383 498 1440 tigemus
546 1383 790 1425 veritatem
838 1388 883 1426 et
931 1383 1250 1427 confirmemus
1299 1397 1398 1426 eam
1446 1383 1497 1424 in

302 1460 520 1502 societate
560 1458 783 1510 humana3
844 1473 1086 1516 sequamur
1118 1459 1167 1503 id
1221 1457 1345 1517 quod
1387 1473 1497 1502 vere

299 1542 366 1578 est
394 1534 640 1593 pulchrum
678 1549 875 1593 vereque
915 1535 1104 1589 bonum,
1141 1537 1189 1579 in
1224 1536 1344 1579 omni
1372 1534 1497 1579 vitae

298 1611 580 1667 conditione,
610 1613 658 1655 in
687 1611 897 1656 omnibus
927 1612 1201 1656 actionibus!

360 1687 448 1731 Hic
483 1695 553 1732 est
587 1703 750 1746 scopus
783 1695 829 1733 et
862 1689 1283 1733 finis'educationis
1316 1688 1497 1748 generis

296 1765 509 1816 humani,
555 1780 673 1823 quae
715 1766 869 1809 varias
913 1765 1049 1809 habet
1091 1772 1247 1824 partes
1282 1772 1325 1809 et
1357 1765 1496 1809 variis

297 1856 355 1884 ex
401 1841 609 1885 fontibus
655 1842 921 1898 adjumenta
954 1842 1121 1885 haurit.
1185 1841 1354 1900 Magna
1387 1856 1496 1885 sane

296 1917 380 1962 hac
414 1921 461 1961 in
495 1933 545 1962 re
577 1920 649 1962 vis
684 1926 754 1962 est
785 1918 911 1962 vocis
947 1925 990 1962 et
1019 1917 1237 1962 orationis
1255 1919 1494 1973 humanae,

296 1995 499 2037 muneris
533 1995 662 2038 illius
694 1996 853 2054 generi
887 1996 1088 2037 humano
1120 1994 1348 2038 divinitus
1376 1993 1493 2045 dati,

296 2087 383 2131 quo
406 2088 644 2117 commune
676 2073 938 2117 continetur
972 2073 1231 2116 animorum
1252 2072 1494 2116 vinculum

296 2156 434 2207 atque
462 2149 842 2200 instrumentum,
862 2164 950 2207 quo
978 2155 1158 2193 nosmet
1178 2148 1374 2192 invicem
1397 2155 1495 2192 tan-

297 2240 434 2283 quam
450 2226 620 2270 fratres
639 2224 923 2282 adjuvemus,
936 2226 1198 2270 erudiamus
1211 2261 1220 2277 ‚
1236 2224 1493 2269 doceamus.

296 2300 396 2355 Quo
430 2301 599 2345 clarius
634 2309 787 2346 autem
818 2303 982 2361 religio
1011 2302 1256 2346 christiana
1274 2302 1490 2353 ostendit,

297 2377 411 2437 quid
436 2379 600 2436 cuique
628 2379 916 2437 propositum
933 2381 994 2423 sit
1018 2394 1108 2437 quo
1126 2379 1309 2434 tendat,
1329 2394 1382 2423 eo
1397 2381 1492 2436 ple-

296 2456 403 2499 nius
435 2454 694 2514 intelligere
728 2461 911 2514 oportet
955 2470 1136 2511 omnes,
1182 2455 1261 2514 qui
1309 2452 1493 2500 Christo

295 2547 461 2576 nomen
506 2531 752 2586 dederunt,
798 2539 1018 2590 quantam
1050 2532 1143 2576 vim
1175 2532 1221 2576 in
1254 2534 1492 2576 hominum
