1786 2956
876 300 900 341 9

294 435 468 496 quens‚''
534 434 760 479 Continuo
793 441 945 479 monet
978 436 1104 486 illos,
1124 441 1178 478 ut
1196 435 1305 492 quid
1323 450 1483 478 verum

292 515 351 557 sit
394 511 656 563 attendant,
690 518 830 570 utque
863 510 1258 562 animadvertant,
1293 512 1332 554 si
1365 511 1484 554 forte

291 592 414 634 inter
448 590 793 648 colloquendum
825 590 913 648 ipsi
943 588 1115 648 aliquid
1139 587 1338 640 excidat,
1363 587 1483 647 quod

291 668 350 710 sit
371 667 520 710 minus
538 682 646 711 vere
679 666 861 711 dictum.

298 784 301 785 ⁷
351 743 403 787 ln
462 746 691 802 colloquio
750 760 854 788 cum
907 742 1076 803 Gorgia
1123 744 1481 802 pulcherrimam

288 821 457 864 hancce
514 821 789 865 sententiam
839 822 1068 865 enuntiat:
1126 836 1233 879 »ego
1282 835 1382 864 sum
1431 822 1480 863 in

289 912 448 941 eorum
464 913 670 949 numero,
688 899 769 955 qui
787 898 983 949 libenter
1000 896 1216 955 redargui
1235 912 1283 941 se
1300 898 1476 954 patian-

287 979 385 1028 tur,
417 973 598 1032 siquid
629 974 784 1017 dicant
825 973 947 1031 quod
990 988 1084 1016 non
1129 974 1191 1017 sit
1234 988 1344 1016 vere
1388 973 1478 1016 dic-

288 1057 402 1105 tum;
431 1050 629 1095 libenter
663 1052 801 1095 etiam
834 1049 1140 1110 redarguant,
1165 1049 1202 1094 si
1231 1050 1331 1108 quis
1361 1050 1481 1108 quod

287 1144 380 1172 non
410 1143 571 1173 verum
587 1130 646 1173 sit
662 1129 804 1182 dicat;
829 1143 922 1173 non
940 1128 1089 1172 minus
1108 1134 1257 1173 autem
1278 1128 1477 1173 libenter

286 1205 621 1264 redarguantur
662 1220 797 1263 quam
836 1203 1142 1263 redarguant”
1268 1206 1473 1249 »nullum

286 1288 438 1325 autem
487 1297 644 1326 censeo
694 1281 866 1325 malum
915 1281 1084 1325 homini
1134 1297 1229 1326 esse
1274 1288 1476 1333 tantum,

286 1364 509 1416 quantum
549 1358 773 1416 judicium
806 1359 972 1403 falsum
1007 1359 1062 1402 de
1096 1373 1371 1417 quacunque
1408 1374 1478 1409 re,

284 1435 553 1493 praesertim
570 1451 680 1479 vero
713 1436 769 1480 de
801 1435 946 1486 rebus
970 1436 1122 1495 magni
1155 1434 1396 1480 momenti’'
1417 1439 1479 1488 1).

347 1511 398 1554 In
443 1512 680 1556 tractanda
724 1513 1012 1571 quaestione,
1057 1527 1192 1571 quam
1233 1519 1373 1571 turpe
1417 1514 1479 1556 sit

284 1589 450 1646 injuste
496 1591 563 1633 uti
604 1596 841 1648 potestate,
885 1605 1136 1634 sermonem
1180 1591 1480 1649 interrumpit

283 1666 418 1709 Polus
482 1668 713 1710 conviciis:
786 1682 963 1710 »nonne
1004 1667 1079 1710 vel
1120 1682 1255 1725 puer,
1305 1669 1478 1725 inquit,

283 1750 348 1787 te·
372 1743 570 1797 refellat,
624 1758 715 1786 non
764 1758 874 1787 vera
922 1750 969 1787 te
1018 1743 1168 1787 dicere
1220 1744 1419 1801 probans
1434 1742 1477 1787 ’.θ’

283 1820 355 1863 Ad
400 1834 515 1878 quae
559 1818 781 1864 Socrates:
839 1836 1071 1880 »magnam
1123 1821 1288 1879 inquit,
1335 1836 1477 1879 puero

282 1896 477 1955 gratiam
510 1897 749 1941 habiturus
785 1913 947 1949 essem,
983 1900 1214 1956 aequalem
1246 1913 1355 1942 vero
1374 1898 1477 1948 tibi,

283 1975 321 2016 si
354 1988 424 2017 me
453 1973 744 2031 redargueris
773 1981 817 2017 et
851 1990 877 2017 a
909 1975 1044 2033 nugis
1078 1974 1280 2017 dicendis
1312 1975 1475 2017 libera-

281 2048 444 2095 ve1·is!''
475 2051 536 2102 2).
586 2048 743 2094 Eidem
772 2049 1003 2108 sophistae
1024 2066 1130 2094 mox
1153 2057 1291 2095 testes
1315 2051 1476 2094 citanti

283 2141 341 2171 ex
373 2126 580 2178 historia,
600 2134 650 2170 ut
678 2128 947 2171 sententiam
977 2143 1002 2171 a
1032 2126 1216 2171 Socrate
1245 2128 1475 2172 defensam

279 2204 472 2254 refellat,
523 2204 595 2247 hic
639 2204 894 2262 respondet:
952 2205 1144 2248 »multos
1194 2211 1356 2249 contra
1405 2222 1475 2249 me

279 2280 419 2324 falsos
464 2288 605 2326 testes
652 2283 850 2326 excitans
884 2283 1060 2326 conaris
1093 2297 1163 2326 me
1197 2282 1387 2340 dejicere
1421 2282 1476 2327 de

326 2468 356 2507 1)
382 2466 488 2509 Gorg.
514 2479 547 2510 p.
567 2470 631 2500 458
653 2469 698 2501 A.
722 2469 764 2502 B.

325 2525 356 2566 2)
381 2524 487 2567 Gorg.
513 2536 545 2567 p.
566 2526 630 2559 470
653 2526 692 2559 O.
