1786 2956
869 263 927 318 6⁷

295 400 578 451 Latinorum,
593 397 816 463 qua-clare
829 397 1094 458 disertoque
1107 397 1344 449 indicatur,
1355 399 1483 456 quali

293 475 478 520 dicendi
505 488 670 535 genere
692 481 738 519 et
763 476 908 519 forma
923 476 1017 526 usi,
1042 474 1211 533 quibus
1235 473 1485 517 virtutibus

294 559 342 596 et
368 553 496 595 vitiis
527 553 728 612 insignes
760 554 937 597 fuerint
965 553 1152 610 singuli,
1187 565 1299 609 quos
1321 565 1485 594 memo-

252 638 255 641 ·
294 633 391 679 rat,
425 633 639 672 oratores.
671 651 731 660 —-—
747 628 907 673 Libros
930 628 985 672 de
1003 627 1271 672 Inventione
1286 626 1486 684 juvenili

292 710 446 749 aetate
478 706 733 765 composuit
768 708 841 760 1);
874 708 923 749 in
956 704 1154 763 Topicis,
1190 702 1394 748 Trebatii
1437 702 1486 746 in

292 781 492 839 gratiam
544 781 740 840 scriptis,
789 780 1086 826 Aristotelem
1135 782 1343 825 imitatus
1392 786 1482 832 est3

291 857 371 901 sed
433 858 545 902 haec
604 865 846 916 ceteraque
908 858 1097 902 minoris
1148 860 1289 916 pretii
1344 872 1483 915 quam

293 933 453 990 priora
483 935 567 977 illa
598 934 877 978 aestimanda
909 939 1030 977 sunt.

355 1007 556 1053 Tametsi
589 1007 746 1053 Cicero
774 1011 824 1053 in
849 1009 980 1053 libris
1004 1008 1219 1053 oratoriis
1242 1009 1485 1067 praecipue

292 1084 497 1129 animum
540 1085 734 1130 attendit
774 1085 833 1130 ad
873 1099 1017 1145 genus
1061 1085 1240 1130 dicendi
1265 1084 1487 1143 judiciale

292 1177 346 1205 ac
388 1162 590 1217 forense,
640 1162 913 1221 scripsitque
944 1164 1003 1206 iis
1036 1162 1335 1221 temporibus,
1369 1176 1485 1220 quae

292 1253 320 1281 a
366 1239 532 1282 nostris
594 1240 732 1298 longe
794 1245 973 1283 remota
1020 1246 1130 1283 sunt
1180 1254 1231 1283 ac
1279 1239 1485 1292 diversa,

291 1313 439 1357 multa
497 1320 651 1358 tamen
721 1314 845 1372 apud
908 1329 1012 1358 eum
1069 1314 1292 1373 leguntur
1308 1350 1317 1365 ,
1367 1328 1484 1372 quae

289 1388 444 1445 nobis,
483 1390 606 1448 quod
637 1389 697 1433 ad
729 1395 877 1434 artem
910 1390 1197 1449 eloquentiae
1230 1390 1325 1434 sive
1357 1390 1481 1433 theo-

288 1465 406 1509 riam
465 1468 651 1517 attinet,
699 1467 879 1510 dicendi
936 1467 1253 1524 scribendique
1296 1481 1484 1510 normae

289 1555 389 1585 esse
414 1547 623 1600 possunt.
656 1541 699 1586 Ν
700 1556 750 1586 ec
780 1547 934 1585 tamen
953 1539 1111 1585 Cicero
1129 1541 1254 1585 omni
1272 1556 1331 1586 ex
1347 1547 1483 1599 parte

286 1616 532 1661 immunem
577 1632 672 1662 sese
724 1617 915 1662 reddere
956 1619 1110 1675 potuit
1159 1634 1186 1661 a
1234 1617 1481 1662 rhetorico-

285 1708 391 1736 rum
450 1695 645 1752 argutiis
703 1699 751 1737 et
797 1693 1013 1738 inanibus
1068 1695 1266 1752 regulis,
1316 1693 1481 1752 quibus

285 1769 585 1826 praecipitur,
641 1769 811 1827 quibus
866 1769 1012 1813 modis
1068 1777 1226 1813 orator
1279 1772 1481 1827 placeat,

285 1851 574 1904 permoveat,
612 1844 810 1892 abducat
843 1847 907 1898 2).
972 1842 1115 1903 Cujus
1148 1846 1330 1905 generis
1370 1852 1481 1890 sunt

284 1922 485 1979 exempli
501 1922 651 1980 gratia
666 1924 756 1965 loci
774 1919 901 1966 Orat.
921 1921 943 1980 ξ
964 1924 1206 1966 128—133
1220 1956 1231 1977 ,
1254 1924 1340 1967 138
1354 1958 1363 1973 ,
1382 1924 1480 1966 139.

285 1994 380 2041 Sed
408 1997 511 2056 quis
545 1995 752 2041 Ciceroni
784 1998 867 2041 has
895 1999 1099 2041 maculas
1128 1997 1238 2041 vitio
1256 1998 1343 2049 det,
1362 2012 1479 2056 quae

283 2072 514 2124 maximis,
548 2072 717 2131 quibus
748 2072 975 2117 rhetorica
1010 2073 1108 2130 ejus
1142 2073 1308 2124 nitent,
1326 2075 1476 2116 virtu—

282 2148 408 2194 tibus
442 2154 799 2208 compensantur
812 2149 833 2192 ?

325 2356 357 2397 1)
380 2354 462 2387 vid.
484 2355 594 2398 ipsius
612 2355 786 2400 judicium
809 2355 853 2389 de
876 2355 942 2389 hoc
966 2366 1070 2400 opere
1094 2356 1193 2390 Orat.
1219 2359 1248 2390 l.
1280 2357 1326 2391 cf.
1351 2358 1475 2399 Quino-

281 2411 333 2445 til.
356 2411 387 2445 3.
411 2413 441 2451 6,
465 2413 517 2445 58.

324 2470 357 2512 2)
380 2469 463 2504 Vid.
485 2469 520 2504 J.
544 2470 591 2505 H.
614 2483 681 2505 van
704 2472 768 2506 der
790 2472 907 2513 Palm,
929 2473 966 2506 in
989 2473 1145 2507 oratione
1169 2484 1272 2517 supra
1293 2473 1407 2506 citata.

1240 2534 1290 2576 ὓ*
