1786 2956
749 939 945 986 CAPUT
979 940 1038 985 ΙΙ.

288 1106 350 1136 ΒΕ
382 1104 608 1143 RATIONE,
643 1103 738 1141 QUA
776 1103 901 1135 HAEC
933 1102 1205 1135 DISCIPLINA
1238 1102 1491 1134 TRACTATA

617 1209 688 1239 SIT
721 1209 754 1239 A
785 1207 1162 1240 RECENTIORIBUS.

765 1361 1022 1387 -ι-οοῗαοιο-

351 1495 459 1540 Jam
491 1496 528 1540 si
558 1496 617 1541 ad
643 1502 802 1540 nostra
825 1497 1102 1547 attendimus
1128 1505 1359 1557 tempora,
1384 1498 1492 1557 quid

287 1588 454 1617 causae
486 1579 577 1622 est,
601 1573 723 1630 quod
743 1574 1001 1617 rhetoricae
1022 1574 1118 1617 fere
1139 1576 1269 1618 locus
1291 1581 1490 1632 negatur

284 1648 402 1691 inter
419 1653 592 1692 ceteras
610 1646 887 1709 disciplinas,
901 1661 1018 1707 quae
1036 1648 1085 1691 in
1102 1648 1271 1692 scholis
1284 1640 1488 1693 tractan-

285 1731 391 1780 tur,
452 1731 577 1769 certe
640 1725 699 1782 in·
749 1726 905 1783 patria
962 1727 1153 1770 nostra?
1215 1724 1365 1769 Causa
1423 1726 1491 1770 rei

283 1800 485 1859 patebit,
534 1800 574 1845 si
606 1801 1063 1846 animadverterimus
1095 1803 1342 1846 recentiori
1375 1816 1489 1846 aevo

284 1878 545 1921 rhetoricen
594 1878 745 1921 denuo
789 1878 1090 1937 degenerasse
1136 1880 1183 1921 in
1230 1881 1489 1922 exercitati-

284 1968 416 1998 onem
445 1953 681 2013 quandam
710 1960 756 1999 et
783 1955 961 2006 lusum,
991 1968 1082 2013 quo
1101 1955 1204 2013 quis
1222 1954 1490 1999 facultatem
1545 1948 1548 1958 ’

284 2029 374 2073 sibi
434 2035 726 2087 compararet
783 2030 1096 2087 persuadendi
1157 2037 1203 2074 et
1258 2030 1489 2088 probandi
1550 2036 1553 2038 '

282 2104 512 2164 quidquid
555 2105 722 2161 vellet,
766 2106 864 2150 sive
906 2104 1049 2158 bona,
1095 2105 1191 2150 sive
1222 2106 1359 2158 mala,
1395 2106 1490 2151 sive

280 2187 334 2224 ut
364 2182 414 2224 in
446 2183 549 2225 luce
581 2187 830 2239 poneretur
859 2182 1057 2238 veritas,
1091 2183 1187 2226 sive
1211 2188 1263 2226 ut
1285 2182 1488 2226 tenebris

281 2257 614 2302 obfuscaretur.
708 2256 786 2302 Nil
845 2259 1018 2302 mirum
1075 2273 1208 2317 erg0‚
1259 2249 1354 2302 'ubi
1417 2258 1489 2303 hic

279 2333 530 2378 haberetur
558 2335 811 2378 rhetorices
834 2348 1022 2392 scopu-³3,
1042 2348 1143 2378 eam
1159 2335 1487 2393 reprehensam

278 2424 377 2453 esse
406 2424 433 2452 a
449 2409 621 2460 multis,
639 2417 861 2467 tanquam
892 2415 1202 2466 ματαιοτεχνίαν,
1223 2415 1485 2467 κακοτεχνίαν,

273 2487 421 2530 talem
472 2486 671 2545 denique
720 2492 884 2541 artem,
936 2490 1061 2545 quae
1106 2488 1276 2532 blanda
1335 2489 1486 2546 specie

276 2562 529 2607 maximum
564 2562 697 2607 affert
731 2563 1060 2609 detrimentum
1088 2563 1377 2609 humanitati.
1412 2563 1486 2608 Ita
