1786 2956
868 290 926 334 40

290 425 473 484 poterit.
514 423 646 470 Hanc
680 425 797 471 enim
831 426 1101 472 facultatem
1134 441 1267 472 nemo
1301 426 1489 487 adipisci

290 508 468 559 potest,
513 504 594 560 qui
632 517 726 545 non
758 508 927 545 natura
960 504 1028 546 ita
1061 504 1284 547 formatus
1324 503 1408 559 sit,
1442 509 1495 547 ut

289 593 316 621 a
349 583 508 623 tenera
540 577 646 622 inde
679 582 850 634 aetate,
886 582 1135 638 antequam
1160 579 1274 639 quid
1299 579 1493 631 bonum,

290 656 400 712 quid
433 657 604 698 malum
637 656 711 708 sit,
740 653 997 698 discernere
1024 660 1200 713 potest,
1219 661 1382 714 sponte
1404 671 1489 701 sua

293 745 317 773 e
350 730 491 774 rebus
523 729 731 788 pulchris
761 734 806 774 et
833 729 960 774 bonis
976 731 1286 789 voluptatem,
1320 739 1484 778 contra

287 821 311 850 e
354 805 565 865 turpibus
605 812 652 850 et
689 806 844 864 pravis
876 806 1082 851 dolorem
1114 808 1268 866 capiat
1304 810 1373 861 1>;
1408 809 1487 867 qui

284 896 379 925 non
411 883 472 926 Sit
504 889 607 937 φύσει
628 889 795 937 μνήμων,
818 886 996 936 εὐμαθής,
1011 884 1306 938 μεγαλοπρεπής,
1322 888 1484 940 εὔχαρις,

283 960 389 1010 φιλός
416 977 456 1000 τε
480 963 544 1000 καὶ
572 962 754 1010 ξυγγενὴς
771 960 977 1011 ἀληθείας,
1003 960 1263 1011 δικαιοσύνης,
1287 960 1483 1012 ἀνδρείας,

281 1038 517 1087 σωφροσύνης
549 1035 613 1085 2).
662 1032 756 1077 Nec
788 1047 896 1076 sane
928 1032 1097 1076 mirum
1129 1032 1261 1077 nobis
1294 1034 1480 1083 accidit,

283 1108 469 1167 quando
514 1107 751 1153 Socratem
794 1110 861 1153 ita
904 1108 1204 1153 disserentem
1250 1109 1482 1160 audimus,

281 1200 419 1244 quam
452 1186 534 1231 ille
560 1185 608 1230 in
637 1191 819 1230 oratore
835 1187 1048 1244 postulat
1064 1191 1191 1239 φύσιν,
1210 1186 1329 1230 hanc
1345 1187 1481 1231 unice

278 1262 375 1306 fere
424 1264 550 1306 cerni
604 1264 654 1306 in
703 1277 756 1306 ea
805 1264 947 1306 animi
997 1262 1258 1306 conditione
1291 1278 1385 1321 qua
1418 1262 1476 1306 ad

281 1339 461 1395 optima
484 1353 699 1397 quaeque
732 1345 872 1396 aptus
905 1340 981 1382 sit.
1445 1324 1448 1327 f

341 1414 409 1459 Ne
437 1421 593 1460 tamen
620 1415 943 1460 obliviscamur
970 1416 1113 1459 latius
1148 1416 1288 1459 etiam
1319 1420 1480 1473 patere

279 1506 380 1535 eam
414 1505 532 1548 quae
564 1492 610 1533 in
638 1497 821 1534 oratore
853 1490 1107 1548 requiritur
1141 1497 1262 1541 φασιν.
1296 1489 1479 1534 Etenim

279 1582 371 1610 non
406 1568 447 1611 ei
470 1567 670 1611 sufficiet
699 1566 783 1611 tali
811 1573 1054 1610 naturaet
1077 1566 1233 1610 indole
1255 1565 1314 1610 ad
1331 1567 1477 1611 virtu-

277 1649 370 1686 tem
413 1642 675 1701 praeditum
719 1657 840 1695 esse,
873 1641 962 1686 nisi
996 1642 1179 1687 accedat
1211 1657 1265 1687 ea
1297 1643 1476 1702 ingenii

278 1720 487 1770 facultas,
505 1734 623 1777 quae
639 1720 896 1763 necessaria
912 1724 978 1762 est
994 1724 1047 1762 ut
1063 1734 1255 1763 munere
1276 1720 1479 1762 oratoris

279 1801 403 1839 recte
447 1795 668 1854 perfungi
714 1796 815 1853 quis
853 1795 1021 1853 possit:
1061 1792 1194 1839 dotes
1231 1794 1337 1838 illas
1375 1794 1476 1839 dico

279 1873 539 1921 naturales,
563 1886 703 1929 quae,
725 1877 781 1914 ut
803 1872 966 1915 ceteris
990 1870 1168 1914 artibus
1198 1876 1244 1914 et
1262 1870 1477 1928 operibus

282 1949 500 2007 singulis,
541 1949 610 1992 ita
642 1947 870 1992 oratoriae
901 1960 1081 2005 quoque
1114 1946 1201 1990 arti
1231 1948 1392 2005 privae
1425 1962 1477 1991 ac

279 2026 496 2082 propriae
531 2030 649 2067 sunt.

339 2100 550 2146 Doctrina
568 2100 652 2159 (ait
664 2098 906 2158 Horatius)
919 2099 1002 2144 vim
1009 2106 1221 2159 promovet
1234 2098 1400 2144 insitam
1415 2098 1476 2160 3).

278 2179 370 2223 Nec
403 2180 559 2223 minus
591 2184 716 2222 recte
750 2178 808 2222 ad
839 2177 1027 2221 Pisones
1062 2177 1243 2221 scribit:

462 2255 558 2315 qu
589 2268 664 2299 nec
695 2252 877 2298 studium
908 2253 996 2298 sine
1027 2251 1146 2298 divite
1177 2267 1281 2297 vena

321 2406 353 2447 1)
378 2403 429 2437 Cf.
454 2403 626 2448 de-Legg.
651 2414 684 2446 p.
708 2404 771 2436 653
793 2404 837 2437 A.

319 2464 351 2503 2)
374 2462 430 2495 {De
453 2462 540 2504 Rep.
565 2473 597 2503 p.
621 2462 684 2494 487
708 2462 751 2494 A.

318 2522 349 2562 3)
374 2520 484 2553 Carm.
510 2520 539 2559 3,
564 2520 594 2551 4.
619 2520 670 2551 33.
