1786 2956
864 337 921 380 53

295 474 541 532 impressae
575 478 706 515 erant
738 473 922 516 virtutis
955 473 1109 531 sigillo
1146 474 1206 523 1).
1266 469 1482 528 Ejusdem

293 549 546 593 sententiae
580 554 741 593 auctor
774 555 841 593 est
875 546 1030 594 Cicero
1064 555 1161 592 tam
1193 549 1241 591 in
1269 547 1482 591 orationi·

292 624 378 668 bus
438 639 577 683 quam
644 626 692 668 in
752 625 965 683 operibus
1009 623 1273 677 rhetoricis3
1334 638 1484 681 neque

291 702 428 744 aliter
484 697 826 753 Quinctilianus
842 737 853 757 ‚
887 703 1015 759 cujus
1074 701 1314 760 praeclara
1375 706 1484 743 sunt

289 777 402 821 haec
433 783 697 837 praecepta:
750 777 932 838 »Neque
966 780 1086 823 enim
1119 792 1215 823 esse
1252 782 1481 821 oratorem

290 854 382 896 nisi
415 853 586 898 bonum
618 857 771 899 virum
795 855 970 913 Judico’'
1008 858 1073 908 2).
1119 854 1482 898 »Auctoritatem

291 936 396 975 ante
445 932 597 975 omnia
643 933 808 976 mereri
841 931 1054 977 debemus
1087 930 1204 976 vita”
1239 933 1300 984 3).
1353 929 1480 974 »Non

289 1008 435 1064 igitur
465 1022 671 1065 unquam
702 1009 849 1052 malus
881 1008 1000 1052 idem
1031 1009 1164 1051 homo
1187 1014 1231 1051 et
1246 1007 1479 1065 perfectus

290 1080 466 1127 orator’'
499 1085 563 1137 4).

347 1156 396 1202 Si
429 1159 486 1203 ad
519 1157 801 1204 Christianos
825 1168 1031 1205 oratores
1055 1162 1257 1204 animum
1291 1173 1477 1202 conver-

285 1241 383 1280 tere
404 1235 551 1289 lubet,
574 1234 897 1297 Chrysostomi‚
914 1237 1174 1297 Augustini,
1198 1234 1472 1285 Bernhardi‚

284 1318 439 1371 atque,
484 1319 536 1357 ut
569 1316 823 1373 complures
864 1314 976 1358 alios
1016 1316 1246 1367 omittam,
1280 1311 1473 1356 Lutheri

282 1389 560 1447 eloquentia,
594 1391 680 1434 etsi
713 1392 874 1434 aetatis
907 1406 997 1449 quo
1029 1392 1251 1434 vixerunt
1283 1388 1473 1432 maculis

280 1465 407 1509 haud
429 1466 641 1510 immunis
666 1466 779 1518 fuit,
797 1481 948 1511 nonne
965 1473 1121 1510 tamen
1144 1466 1342 1509 maxime
1357 1466 1471 1508 nite-

278 1541 416 1586 batur
448 1542 650 1601 ipsorum
681 1543 886 1587 virtute?
928 1540 1080 1597 Quid?
1115 1542 1304 1593 Paulus,
1337 1540 1470 1585 heros

212 1669 224 1682 ο
280 1618 359 1661 ille
387 1625 437 1671 τῇ
456 1622 600 1668 πίστει,
633 1633 786 1662 nonne
819 1619 939 1663 idem
971 1634 1055 1677 per
1089 1624 1216 1662 πίστιν
1249 1619 1385 1662 heros
1419 1618 1468 1659 in

280 1693 540 1751 eloquentia
573 1696 753 1739 exstitit
783 1693 861 1753 5)?
910 1693 1031 1748 Quid
1060 1701 1211 1739 autem
1240 1693 1386 1737 dicam
1412 1690 1468 1736 de

319 1920 352 1961 1)
375 1918 457 1952 Vid.
488 1919 675 1954 Theremin
696 1921 734 1954 in
762 1920 872 1954 libro:
896 1921 1106 1954 Demosthenes
1127 1919 1193 1952 und
1213 1917 1389 1952 Massitlon.
1414 1915 1467 1950 cf.

276 1976 433 2018 ejusdem
454 1977 649 2020 scriptoris:
678 1979 740 2011 Die
761 1979 993 2011 Beredsamkeit
1014 1979 1081 2010 eine
1105 1976 1240 2020 Tuqend.

318 2034 351 2077 2)
373 2033 491 2067 Instit.
515 2034 611 2068 Orat.
637 2037 666 2068 1.
690 2035 721 2074 2,
746 2037 775 2068 1.

317 2093 350 2134 3)
372 2091 511 2125 Ibidem
532 2095 562 2125 4.
587 2094 617 2131 2,
642 2095 671 2125 6.

317 2150 351 2192 4)
373 2149 510 2183 Ibidem
534 2151 585 2183 11.
609 2151 638 2189 1,
664 2151 700 2189 2;
725 2150 779 2184 cff.
802 2152 832 2184 2.
857 2152 908 2191 21,
932 2153 967 2189 2;
992 2152 1021 2183 2.
1047 2151 1097 2188 22,
1124 2152 1161 2182 et
1182 2147 1367 2191 praecipue
1378 2145 1465 2179 libri

275 2207 317 2238 12
338 2207 558 2250 principium.

317 2263 384 2298 Vir
408 2263 520 2299 bonus
543 2265 629 2309 quid
651 2265 784 2299 efficere
807 2265 954 2299 dicendo
976 2265 1103 2309 possit,
1126 2263 1273 2308 pulchre
1297 2261 1463 2295 describit

274 2322 444 2366 Virgilius
466 2324 557 2357 Aen.
580 2327 609 2357 1.
633 2326 674 2357 55
697 2336 771 2367 sqq.

359 2379 450 2412 Tum
470 2381 601 2423 pietate
623 2392 762 2424 gravem
785 2392 823 2413 ac
847 2382 980 2414 meritis
1002 2382 1031 2413 si
1053 2381 1143 2413 forte
1167 2380 1281 2411 virum
1306 2388 1411 2419 quem

358 2436 596 2481 Conspexere,
621 2439 741 2479 silent,
765 2439 977 2483 arrectisque
1000 2438 1142 2472 auribus
1164 2438 1312 2473 adstant.

356 2494 425 2527 Ine
447 2496 538 2538 regit
560 2497 663 2529 dictis
685 2498 834 2535 animos,
858 2502 893 2530 et
915 2501 1056 2541 pectora
1077 2497 1217 2530 mulcet.
1241 2516 1285 2521 —

314 2553 346 2595 5)
368 2551 445 2596 Ego
476 2554 634 2596 quidem,
659 2566 869 2599 quamquam
890 2560 925 2589 et
944 2556 1100 2591 studium
1123 2567 1239 2589 meum
1259 2559 1294 2588 et
1314 2555 1469 2592 docendi
