1786 2956
919 283 971 324 16

333 432 457 467 rum,
498 417 663 475 quippe
681 418 761 474 qui
792 425 854 469 τῆς
881 420 1064 471 ἀληθείας
1078 422 1143 459 οὐκ
1158 422 1359 467 ἅπτονται,
1393 423 1529 475 atque

333 494 446 537 adeo
480 501 756 553 componant
780 498 844 535 οὐκ
872 500 966 535 ὄντα
997 502 1043 547 τῇ
1069 496 1233 547 ἀληθείᾳ
1256 492 1311 551 1).
1345 493 1530 537 Possem

331 570 486 627 plures
515 572 653 614 etiam
687 571 808 612 locos
843 571 1007 620 citare,
1035 570 1114 613 sed
1142 570 1193 621 ii,
1224 584 1336 628 quos
1370 570 1527 621 attuli,

330 646 576 694 sufficiant,
622 652 673 688 ut
707 645 1036 704 intelligamus,
1072 660 1208 703 quam
1242 648 1413 690 acriter
1449 645 1527 691 So-

329 730 477 766 crates
509 723 671 765 falsam
699 724 979 780 oppugnarit
1015 724 1342 780 eloquentiam.

390 797 616 857 Sophistis
672 799 917 859 praecipue
966 804 1063 843 erat
1111 800 1423 859 propositum,
1474 807 1528 844 ut

326 876 517 935 gloriam
562 883 843 920 venarentur
883 877 1196 935 honoremque
1230 876 1350 935 apud
1384 890 1527 935 popu-

326 956 447 1005 lum,
491 960 542 997 ut
591 961 859 1012 potestatem
909 955 1168 998 obtinerent
1216 956 1265 998 in
1315 954 1523 1005 civitate,

327 1038 380 1075 ut
442 1030 627 1075 divitias
689 1031 773 1075 sibi
819 1038 1136 1089 compararent
1189 1030 1259 1088 2);
1320 1031 1432 1076 haec
1476 1039 1526 1074 ut

327 1108 696 1165 adipiscerentur,
710 1108 900 1151 infitiari
914 1114 954 1149 τό
976 1110 1134 1161 ἀληθές,
1147 1108 1184 1152 si
1196 1123 1376 1159 necesse
1394 1114 1522 1159 esset,

324 1185 471 1243 parati
505 1193 652 1239 erant,
696 1187 945 1230 veritatem
983 1202 1065 1245 pro
1101 1186 1244 1229 nihilo
1281 1185 1522 1229 ducebant.

322 1260 513 1320 Hippias
529 1262 766 1306 felicitatis
797 1263 1034 1322 fastigium
1057 1263 1262 1323 attigisse
1290 1262 1376 1306 sibi
1392 1262 1520 1305 vide-

322 1338 480 1389 batur,
542 1354 682 1397 quum
741 1341 790 1383 in
850 1346 1080 1384 conventu
1140 1338 1378 1400 Olympico
1432 1338 1519 1397 ipsi

323 1415 578 1458 orationem
638 1415 935 1466 declamanti,
997 1422 1043 1459 at
1092 1417 1232 1459 simul
1279 1417 1519 1458 veritatem

322 1491 627 1543 conculcanti,
646 1499 811 1537 cuncta
837 1491 1029 1537 Graecia
1045 1493 1297 1552 plauderet.
1327 1489 1518 1551 Gorgias

321 1583 373 1612 eo
402 1568 588 1612 honoris
622 1571 772 1620 venit,
808 1575 861 1613 ut
876 1568 1068 1627 Delphis
1099 1584 1240 1613 aurea
1257 1575 1411 1613 statua
1428 1569 1519 1627 ipsi

319 1652 596 1704 poneretur,
644 1662 779 1705 quam
828 1662 935 1691 sane
976 1662 1068 1690 non
1103 1648 1294 1691 meritus
1327 1652 1426 1691 erat
1460 1645 1518 1689 ob

316 1724 414 1766 veri
465 1738 676 1768 amorem.
743 1723 910 1775 Iidem7
961 1724 1076 1768 alios
1125 1723 1327 1767 docendo
1371 1728 1517 1766 artem

316 1800 451 1845 istam
478 1810 633 1851 πειθοῦς
663 1806 902 1858 δημιουργόν,
921 1803 1076 1846 fallaci
1104 1802 1328 1845 nitentem
1366 1790 1516 1859 splen-

317 1879 447 1930 dore,
496 1879 703 1924 mercede
747 1886 793 1923 et
843 1879 1008 1937 opibus
1053 1893 1100 1921 se
1144 1877 1516 1935 locupletabant,

317 1962 371 2000 ut
403 1971 535 2001 nemo
568 1957 725 2017 magis.
1380 1941 1384 1946 ⁵

374 2032 484 2077 Illos
518 2048 625 2078 vero
659 2033 999 2092 reprehendens
1035 2031 1267 2076 Socrates:
1294 2031 1513 2081 monita,

314 2110 485 2168 inquit,
510 2112 602 2155 viri
630 2112 747 2170 regii
764 2111 852 2154 1-
870 2112 988 2169 regii
1012 2110 1242 2168 profect0‚
1266 2109 1374 2166 quia
1390 2107 1515 2166 regia

318 2187 524 2245 accipitis
543 2187 832 2232 dona—non
845 2189 930 2232 ital
949 2193 1056 2232 ante
1069 2188 1221 2230 omnia
1231 2186 1401 2230 veritas
1410 2202 1421 2239 ;
1431 2184 1514 2228 hac

356 2390 388 2430 1)
412 2387 467 2420 De
489 2389 578 2431 Rep.
602 2401 634 2431 p.
659 2391 722 2421 599
744 2390 787 2421 A.
811 2408 855 2412 —-
888 2390 953 2421 600
974 2389 1030 2425 E.;
1063 2388 1104 2420 cf.
1136 2387 1179 2419 de
1204 2386 1368 2429 sophistis
1393 2386 1511 2429 Symp.

310 2458 344 2490 p.
373 2448 436 2480 198
459 2446 503 2480 D.
526 2466 571 2471 —
593 2448 657 2479 199
679 2446 719 2479 B.

354 2506 385 2548 2)
409 2505 460 2539 Cf.
485 2505 634 2538 Phaedr.
659 2518 691 2549 p.
711 2507 775 2538 258
797 2506 837 2538 B.
863 2505 899 2537 C.
