1786 2956
863 263 919 304 27

294 400 331 443 si
381 398 486 456 quis
537 397 754 455 eloquens
799 412 896 441 esse
938 398 1118 455 cupiat,
1163 412 1344 442 necesse
1393 413 1487 442 esse

293 480 346 518 ut
378 479 536 517 noscat
569 472 682 531 quid
708 474 769 517 sit
791 473 985 530 justum.
1029 472 1251 531 Deinceps
1285 475 1351 516 ita
1383 488 1485 531 pro-

292 549 503 609 greditur
535 549 810 608 disputatio:

354 625 508 672 Socr.
570 625 642 671 Tu
700 628 738 672 si
788 634 1016 672 oratorem
1052 626 1244 673 reddere
1289 626 1487 686 aliquem

291 706 424 756 velis,
456 705 571 748 scire
603 705 738 748 illum
769 718 950 748 necesse
983 711 1053 748 est
1088 720 1206 763 quae
1221 705 1352 762 justa
1374 706 1485 759 sint,

292 796 410 840 quae
447 781 643 838 injusta,
678 782 776 824 sive
803 781 932 838 prius
975 780 1071 825 sive
1103 787 1263 838 postea
1296 781 1345 824 id
1379 797 1405 825 a
1438 787 1486 825 te

291 857 551 901 discentem.
583 854 698 901 Gor
710 870 751 915 g.
788 854 906 900 Sane
939 855 1137 915 quidem.
1173 855 1202 899 S
1216 871 1326 900 ocr.
1362 854 1486 909 Quid

292 935 478 978 autem?
502 933 583 992 qui
603 939 745 977 artem
767 932 1015 991 tignariam
1036 933 1215 984 didicit,
1233 949 1344 977 num
1361 934 1487 978 faber

291 1011 522 1070 tignarius
558 1015 648 1061 est,
683 1025 742 1053 an
774 1010 900 1054 non?
946 1006 1115 1068 Gorg.
1165 1007 1301 1054 Vero.
1344 1008 1484 1054 Socr.

288 1085 454 1131 Nonne
486 1088 615 1138 item,
649 1086 727 1146 qui
761 1087 964 1131 musicen
981 1086 1147 1141 dieicit,
1168 1092 1238 1131 est
1255 1087 1488 1132 musicus?

288 1161 327 1208 G
341 1178 367 1207 o
380 1180 404 1207 r
416 1180 458 1223 g.
490 1163 574 1207 Ita.
595 1161 624 1206 S
639 1179 665 1207 o
678 1178 702 1206 c
713 1178 747 1207 r.
785 1162 845 1207 Et
862 1164 944 1221 qui
960 1161 1233 1207 medicinam
1245 1200 1254 1215 ,
1272 1163 1485 1217 medicus,

290 1240 536 1298 eodemque
568 1239 702 1283 modo
736 1244 889 1284 cetera
921 1254 969 1283 se
1000 1239 1193 1291 habent,
1227 1246 1303 1290 ut,
1327 1255 1483 1298 quam-

290 1323 469 1375 cunque
518 1317 622 1375 quis
671 1321 815 1360 artem
862 1314 1097 1366 didicerit,
1146 1316 1252 1360 talis
1301 1317 1486 1361 futurus

290 1393 349 1437 sit
361 1430 371 1444 ‚
400 1395 581 1452 qualem
600 1394 790 1437 seientia
808 1394 1008 1451 aliquem
1031 1393 1199 1437 efficiat
1216 1393 1252 1443 (ό
1260 1395 1487 1444 μεμαθηκὼς

287 1471 428 1509 ἕκαστα
455 1472 616 1515 τοιοῦτός
644 1472 757 1518 ἐστιν,
786 1467 865 1509 οἷον
894 1474 919 1519 ή
946 1472 1123 1520 ἐπιστήμη
1149 1470 1307 1509 ἕκαστον
1330 1470 1488 1521 ἀπεργά-

289 1548 424 1600 ζεται;)
479 1542 647 1604 Gorg.
709 1542 840 1589 Certe
883 1544 1080 1603 quidem.
1121 1544 1276 1589 Socr.
1325 1544 1487 1589 Nonne

287 1622 373 1665 hac
388 1622 569 1665 ratione
586 1622 722 1666 etiam
738 1621 775 1665 is
793 1622 875 1679 qui
885 1622 1013 1678 justa
1029 1621 1197 1673 didicit,
1209 1622 1369 1679 justus
1384 1622 1482 1666 est?

286 1695 325 1743 G
338 1713 398 1742 or
410 1713 451 1758 g.
486 1697 560 1742 Ita
591 1713 792 1759 prorsus.
827 1695 856 1741 S
871 1713 897 1742 o
910 1712 980 1742 cr.
999 1696 1029 1742 J
1033 1704 1167 1743 ustus
1186 1704 1343 1743 autem
1354 1699 1484 1756 justa

286 1776 505 1838 nimirum
522 1772 788 1819 faciet.G0r
795 1790 836 1834 g.
854 1774 938 1819 Ita.
959 1773 987 1818 S
999 1789 1100 1820 ocr.
1118 1773 1282 1819 Nonne
1299 1789 1483 1819 necesse

288 1858 356 1897 est
382 1853 672 1911 propositum
699 1866 798 1896 esse
812 1852 941 1909 justo
956 1852 1084 1910 justa
1100 1852 1280 1897 facere?
1309 1849 1349 1897 G
1363 1867 1389 1896 o
1402 1868 1426 1896 r
1439 1868 1481 1911 g.

286 1928 581 1972 Manifestum
613 1929 660 1971 id
693 1927 889 1986 quidem.
913 1927 1034 1972 Socr.
1058 1928 1307 1986 Nunquam
1339 1930 1483 1986 igitur

286 2006 576 2065 propositum
604 2006 695 2049 erit
715 2005 846 2062 justo
880 2004 1055 2063 injusta
1088 2005 1246 2049 facere.
1312 2002 1484 2064 Gorg.

285 2082 360 2128 lta
386 2097 568 2127 necesse
587 2088 663 2126 est.
683 2080 712 2125 S
727 2097 838 2126 ocr.
881 2080 954 2126 Ex
996 2082 1083 2126 hac
1100 2081 1246 2141 igitur
1280 2081 1482 2142 disputa-

286 2162 410 2204 tione
441 2175 623 2205 necesse
640 2166 708 2203 est
725 2166 950 2203 oratorem
971 2160 1153 2216 justum
1170 2174 1278 2203 esse.
1310 2157 1349 2203 G
1364 2175 1390 2203 o
1405 2177 1427 2203 r
1440 2176 1482 2218 g.

285 2236 370 2281 Ita.
415 2235 445 2280 S
459 2252 566 2281 ocr.
617 2236 867 2295 Nunquam
910 2251 1019 2295 ergo
1068 2237 1362 2295 propositum
1397 2237 1484 2280 erit

286 2315 458 2357 oratori
492 2315 663 2370 injusta
691 2315 851 2358 faeere.
891 2311 927 2357 G
940 2329 966 2356 o
980 2329 1002 2356 r
1015 2329 1056 2374 g.
1075 2312 1212 2357 Haud
1230 2328 1338 2357 sane
1358 2314 1480 2357 vide-

285 2388 384 2432 tur''
405 2393 465 2442 1).
480 2415 541 2420 -
557 2390 716 2448 Neque
733 2393 880 2434 multo
898 2396 1005 2448 post
1022 2389 1252 2434 Socratem
1272 2390 1481 2434 audimus

330 2495 360 2535 1)
407 2493 511 2535 Gorg.
536 2504 568 2535 p.
594 2494 676 2531 460,
702 2493 819 2526 A—C.
