1786 2956
865 364 922 407 64

298 514 495 558 sumque
528 499 710 558 pulchri
744 506 790 543 et
823 499 953 551 boni,
995 501 1102 558 quia
1136 501 1346 559 regulae,
1382 514 1494 558 quas

296 575 561 627 tradebant,
595 591 687 619 non
731 581 947 634 tanquam
1000 576 1300 621 fundamento
1334 591 1494 635 super-

298 657 504 696 structae
552 657 686 695 erant
734 650 932 695 veritati.
999 651 1073 695 Ita
1125 667 1399 712 magnopere
1449 659 1495 697 et

295 727 500 772 moribus
539 729 697 771 nocuit
732 734 777 772 et
803 727 1038 785 judicium.
1060 727 1348 787 depravavit.

355 801 542 847 Summo
559 803 703 863 igitur
712 804 822 860 jure
850 808 1051 848 statuere
1080 804 1187 849 licet
1224 805 1424 848 maxima
1445 805 1494 848 in

293 879 567 925 rhetoricam
599 881 764 924 merita
796 881 937 925 fuisse
954 879 1185 932 Platonis,
1204 896 1262 925 ex
1278 883 1493 940 magistri

294 956 365 1000 sui
383 962 535 1001 mente
552 956 608 1000 de
626 962 723 1001 arte
741 956 1079 1016 praecipientis.
1113 956 1340 1002 Indicavit
1372 958 1493 1001 enim

292 1035 540 1092 principia,
569 1034 739 1092 quibus
758 1049 811 1077 ea
828 1036 918 1077 niti
936 1035 1110 1085 debeat,
1130 1042 1272 1093 atque
1288 1033 1490 1079 ostendit

294 1110 442 1169 qualis
476 1124 570 1154 non
604 1123 700 1154 esse
729 1107 896 1153 debeat
914 1109 1166 1162 rhetorica,
1185 1109 1491 1170 oppugnando

292 1186 602 1243 sophistarum
634 1191 891 1242 praecepta.

353 1259 507 1320 Hujus
564 1260 748 1306 auditor
797 1259 1073 1307 Aristoteles
1122 1261 1209 1306 hac
1258 1262 1396 1306 etiam
1443 1261 1489 1306 in

290 1345 426 1396 parte
474 1353 594 1396 quae
652 1340 874 1396 magister
924 1340 1158 1381 inchoavit
1222 1345 1490 1395 persecutus

291 1423 372 1461 est.
438 1413 712 1460 Admirabili
762 1422 858 1460 tam
906 1414 1142 1460 doctrinae
1187 1414 1315 1475 copia
1353 1430 1490 1475 quam

289 1493 465 1551 ingenii
512 1493 721 1535 acumine
753 1492 1013 1549 praeditus,
1070 1507 1162 1549 quo
1205 1493 1489 1536 methodicae

290 1569 403 1614 artis
429 1569 640 1628 princeps
657 1568 895 1613 habendus
913 1575 995 1619 est,
1020 1568 1068 1613 id
1097 1571 1281 1613 omnino
1301 1570 1488 1628 aggredi

288 1646 464 1705 potuit,
526 1652 578 1690 ut
638 1647 885 1690 rhetorices
935 1652 1133 1705 systema
1181 1654 1486 1705 componeret.

287 1724 341 1768 In
374 1725 506 1768 libris
538 1724 687 1782 ipsius
722 1724 777 1767 de
812 1730 912 1767 arte
947 1724 1177 1768 rhetorica
1200 1723 1373 1783 ingenii
1392 1724 1487 1782 ejus

288 1807 334 1845 et
368 1800 642 1845 eruditionis
671 1800 845 1858 effigies
876 1801 1003 1843 velut
1021 1814 1240 1858 expressa
1257 1802 1485 1852 cernitur,

286 1893 368 1922 nec
417 1885 593 1932 tamen,
628 1877 750 1935 quod
784 1878 1041 1921 seculorum
1073 1877 1256 1921 demum
1288 1877 1485 1921 decursu

287 1955 406 1999 effici
455 1956 631 2013 potuit,
681 1955 961 1998 rhetoricam
1016 1954 1229 1998 omnibus
1279 1956 1483 1998 numeris

287 2032 547 2076 absolutam
596 2038 641 2075 et
691 2031 942 2089 perfectam
991 2030 1236 2074 Aristoteli
1286 2031 1484 2075 scribere

284 2110 429 2153 licuit.
463 2097 720 2153 Rhetoricis
753 2109 1013 2167 praeceptis
1036 2109 1237 2152 inseruit
1270 2107 1419 2168 logica
1436 2115 1482 2152 et

284 2187 543 2241 dialectica,
577 2196 693 2244 quae
728 2185 909 2243 quidem
944 2185 1234 2243 disciplinae,
1270 2199 1412 2243 aeque
1430 2201 1482 2228 ac

286 2279 320 2307 e.
340 2280 380 2322 g.
400 2262 617 2307 mathesis
635 2268 680 2306 et
697 2262 1015 2320 grammatica,
1034 2261 1244 2320 singulae
1261 2263 1356 2306 suis
1374 2276 1479 2306 con-

284 2341 492 2384 tinentur
539 2338 720 2383 finibus.
786 2335 893 2382 Jam
942 2351 1050 2382 vero
1102 2337 1480 2396 quemadmodum

281 2418 432 2477 logica
455 2423 501 2460 et
518 2416 757 2460 dialectica
774 2430 865 2459 non
885 2415 1092 2459 efficiunt
1110 2422 1288 2474 partem
1305 2417 1479 2460 mathe-

283 2511 382 2539 seos
417 2494 492 2539 vel
524 2493 865 2553 grammatices,
897 2494 964 2536 ita
998 2492 1131 2537 etiam
1153 2509 1244 2537 non
1270 2494 1479 2538 efficiunt

281 2578 459 2631 partem
478 2571 742 2615 rhetorices.
778 2569 997 2614 Attamen
1022 2576 1209 2621 constat,
1228 2571 1476 2625 neminem,
