1786 2956
882 323 938 375 69

299 464 588 528 opinionibus
611 464 818 523 pollutus
846 464 1048 518 videtur,
1076 465 1324 511 dolendum
1347 467 1489 527 magis

299 559 439 604 quam
469 540 728 586 mirandum
754 547 833 586 aut
849 543 1125 602 culpandum
1141 550 1223 588 est.
1237 550 1244 603 g
1257 542 1322 588 Ut
1341 559 1490 589 exem-

296 623 377 681 pla
409 619 620 672 afferam,
651 620 742 663 loci
775 621 858 678 qui
889 620 1106 680 leguntur
1137 621 1216 665 lib.
1251 623 1291 665 2.
1330 635 1426 680 cap.
1456 624 1492 672 1,

297 696 373 741 lib.
425 697 465 740 2.
515 709 610 754 cap.
663 696 745 750 18,
795 694 818 753 ξ
869 696 917 748 6,
965 712 1058 740 non
1106 699 1335 742 sincerum
1378 700 1492 742 recti

296 786 480 816 sensum
512 772 720 816 referunt
756 773 816 824 1).

358 846 471 892 Tres
503 846 576 890 illi
606 847 718 901 viri,
750 845 1049 899 Aristoteles,
1069 845 1225 893 Cicero
1254 855 1301 893 et
1324 846 1487 901 Quinc-

297 924 510 973 tilianus,
555 924 689 980 quasi
732 923 1004 966 thesaurum
1034 925 1167 968 nobis
1197 927 1491 982 reliquerunt

296 1004 647 1060 praeceptorum
690 998 827 1054 artiS‚
873 1013 993 1058 quae
1037 1001 1161 1045 omni
1204 1001 1408 1060 tempore
1439 1002 1489 1045 in

295 1079 468 1120 honore
521 1081 671 1119 erunt.
749 1073 920 1119 Eorum
962 1082 1165 1135 systema
1207 1078 1458 1121 rhetorices
1476 1111 1488 1131 ,

294 1152 502 1197 Platonis
534 1166 561 1195 a
593 1150 719 1195 fonte
751 1149 1026 1205 derivatum,
1062 1154 1180 1197 sicut
1212 1167 1294 1197 sua
1322 1155 1488 1213 cuique

293 1231 461 1275 domus·
487 1234 651 1271 notum
684 1241 777 1272 esse
811 1224 946 1272 debet
989 1231 1222 1281 omnibus,
1272 1231 1353 1289 qui
1399 1231 1486 1274 rite

292 1306 507 1351 instructi
525 1313 573 1352 et
587 1306 742 1366 parati
758 1307 817 1352 ad
834 1305 1081 1352 dicendum
1098 1307 1310 1351 accedere
1325 1307 1485 1352 velint.

293 1378 508 1426 Ceterum
523 1382 856 1441 pulcherrimos
872 1384 996 1426 locos
1014 1397 1072 1427 ex
1096 1397 1251 1426 eorum
1268 1382 1486 1440 operibus

292 1459 528 1513 oratoriis,
562 1459 750 1517 adjectis
781 1459 1016 1503 nonnullis
1044 1457 1257 1518 Dionysii
1274 1456 1483 1503 Halicar-

289 1536 537 1588 nassensis‚
569 1534 789 1596 Longini,
819 1537 1107 1595 aliorumque
1136 1534 1485 1580 animadversio-

290 1611 438 1663 nibus,
455 1613 639 1672 collegit
657 1612 690 1657 Ι.
709 1611 993 1657 Hildebrand
1009 1613 1058 1656 in
1075 1627 1235 1671 opere:
1253 1612 1482 1657 Aestlzetz'ca

245 1686 253 1693 ’
288 1686 506 1740 litteraria,
540 1688 664 1747 quod
695 1703 801 1733 sane
833 1690 958 1733 lectu
989 1689 1292 1733 utilissimum
1325 1695 1407 1733 est.

349 1763 456 1808 Non
486 1771 552 1808 est
594 1764 705 1808 mihi
735 1765 1044 1824 propositum,
1078 1764 1127 1808 in
1165 1763 1479 1809 adumbranda

288 1840 481 1884 historia
528 1842 773 1886 rhetorices
821 1841 1017 1886 ulterius
1056 1840 1286 1900 progredi.
1352 1839 1482 1885 Gom·

287 1916 591 1962 memorandis
623 1916 715 1962 illis
747 1916 1048 1977 scriptoribus
1081 1916 1131 1961 id
1161 1922 1343 1961 tantum
1370 1916 1483 1962 indi-

288 2008 393 2038 care
451 1995 602 2045 volui,
663 2006 723 2038 ex
772 2008 927 2038 eorum
964 1993 1182 2038 methodo
1229 1993 1484 2038 rhetoricae

287 2069 554 2115 tractandae
602 2085 848 2129 apparere,
893 2070 1009 2115 hano
1041 2069 1327 2130 disciplinam
1359 2076 1483 2115 arcte

288 2149 574 2204 conjunctam
649 2161 744 2191 esse
808 2162 913 2191 cum
981 2161 1119 2191 verae
1195 2148 1483 2205 eloquentiae

287 2222 535 2282 principiis.

330 2384 362 2426 1)
384 2382 466 2417 Vid.
501 2395 591 2428 quae
623 2386 661 2419 in
691 2384 929 2428 Quinctiliano
962 2384 1191 2429 reprehendit
1213 2384 1423 2429 Bernhardy
1444 2386 1494 2419 in.

286 2452 408 2486 opere:
436 2444 605 2477 Gruudriss
628 2445 683 2478 der
705 2445 884 2509 Intiimischen
906 2445 1092 2479 litteratur.

761 2566 1019 2593 —oossosso-o—
