1786 2956
843 303 897 345 10

267 452 323 481 eo
381 436 503 496 quod
551 452 631 495 per
665 453 712 482 se
745 453 909 482 verum
953 437 1044 482 est''
1097 441 1159 492 1).
1223 438 1289 483 Ac
1326 440 1464 498 paulo

269 521 393 573 post:
454 520 521 555 »τὸ
541 516 681 567 ἀληθὲς
718 529 950 573 nunquam
1000 516 1149 560 refelli
1182 515 1354 575 potest'’
1404 515 1463 573 2).

268 590 381 634 Polo
413 597 569 636 coacto
615 592 764 641 fateri,
803 593 1031 636 neminem
1063 592 1160 636 fore
1194 594 1273 651 qui
1308 592 1467 637 mallet

267 671 309 706 τὸ
326 669 468 707 ἀδικεῖν
485 681 618 724 quam
636 671 676 706 τὸ
695 669 923 715 ἀδικεῖσθαι,
938 667 1016 711 ille
1033 669 1162 712 Velut
1177 669 1467 727 triumphans

269 757 381 800 prae
428 742 526 787 veri
574 759 727 788 amore
760 746 1003 789 exclamat:
1044 760 1178 789 »vera
1211 760 1323 804 ergo
1358 752 1467 790 sunt

269 833 385 876 quae
419 818 519 863 dixi
531 818 562 863 !''
598 819 657 877 3).

330 894 404 940 Ita
459 894 673 942 Socrates
709 896 1075 943 contradicentes
1111 897 1200 943 sibi
1238 896 1466 956 sophistas

268 972 517 1018 identidem
542 974 672 1019 velut
700 974 756 1018 de
783 975 934 1034 gradu
960 975 1131 1032 dejicit,
1160 990 1330 1033 eosque
1347 974 1466 1034 cogit

266 1049 402 1094 fateri
417 1065 545 1095 suam
560 1052 833 1096 sententiam
850 1052 981 1096 unice
998 1054 1164 1104 valere,
1178 1058 1316 1111 atque
1332 1051 1466 1095 dictis

269 1127 521 1171 identidem
553 1135 771 1187 tanquam
805 1130 1042 1187 epilogum
1068 1128 1181 1172 haec
1197 1129 1341 1172 addit:
1367 1143 1465 1178 nen,

265 1203 441 1248 habetis
474 1203 800 1250 documentum
826 1221 899 1251 me
932 1220 1043 1250 vera
1059 1203 1228 1264 loqui'',
1246 1211 1468 1264 tanquam

267 1280 304 1323 Si
333 1279 526 1325 diceret:
561 1288 613 1336 τῷ
641 1284 781 1336 ἀληθεῖ
805 1289 909 1324 νικῶ.

337 1357 466 1403 »Non
484 1358 621 1411 decet,
644 1362 709 1404 ita
721 1362 873 1419 ipsum
898 1360 1111 1405 audimus
1128 1359 1465 1418 praedicantem

267 1434 314 1477 in
365 1434 638 1488 Theaeteto,
687 1442 823 1492 ψεῦδός
866 1457 904 1480 τε
952 1445 1183 1493 συγχωρῆσαι
1217 1441 1281 1478 καὶ
1326 1437 1467 1489 ἀληθὲς

264 1515 473 1564 ἀφανίσαι”
514 1517 578 1567 4).
643 1515 770 1560 Idem
815 1531 969 1560 coram
1005 1514 1239 1574 judicibus
1283 1527 1466 1557 causam

267 1587 424 1632 dicens
456 1592 702 1648 profitetur
735 1593 941 1637 officium
975 1607 1071 1637 esse
1105 1590 1300 1635 oratoris
1317 1592 1465 1644 τάληθῆ

261 1664 383 1717 λέγειν
418 1669 482 1720 5).
530 1667 584 1713 In
618 1667 862 1729 Symposio
880 1676 1053 1722 autem,
1071 1669 1151 1715 ubi
1167 1671 1218 1714 in
1234 1675 1464 1728 postrema

266 1745 434 1804 dialogi
482 1754 617 1804 parte
656 1747 712 1790 de
762 1761 916 1790 amore
963 1749 1157 1804 loquens
1204 1738 1461 1799 inducitur,

266 1824 413 1866 facete
462 1829 658 1881 tangens
697 1838 792 1875 eos,
838 1824 916 1882 qui
959 1825 1007 1867 in
1040 1822 1271 1867 laudando
1310 1836 1463 1866 amore

266 1900 419 1943 omnia
446 1901 607 1959 pulcra
636 1906 681 1945 et
701 1902 939 1960 praeclara
959 1901 1016 1945 de
1038 1915 1090 1945 eo
1112 1899 1462 1959 praedicassent,

273 1997 287 2013 n
297 1977 569 2033 arbitrabar,
586 1978 757 2037 inquit,
776 1979 824 2022 in
840 1979 1109 2023 laudatione
1136 1992 1248 2022 vera
1263 1978 1464 2037 proferri

266 2060 494 2113 oportere,
513 2061 651 2114 atque
668 2070 726 2100 ex
739 2055 810 2100 his
829 2054 1042 2116 eligenda
1054 2070 1150 2101 esse
1163 2055 1341 2114 quaein
1352 2069 1463 2109 rem,

312 2297 342 2335 1)
368 2295 476 2337 Gorg.
501 2306 533 2337 p.
557 2295 621 2328 472
644 2295 683 2327 B.

309 2353 341 2394 2)
366 2352 473 2395 Gorg.
500 2364 531 2395 p.
555 2352 618 2386 473
641 2353 683 2385 B.

309 2413 341 2454 3)
366 2412 473 2455 Gorg.
499 2423 532 2455 p.
555 2412 618 2446 475
642 2411 685 2444 E.

307 2471 340 2511 4)
364 2481 396 2512 p.
422 2471 484 2502 151
508 2469 545 2502 o.

307 2530 339 2570 5)
362 2527 510 2571 Apolog.
534 2540 566 2571 p.
593 2530 632 2560 18
655 2528 697 2561 A.
