1786 2956
849 347 904 388 39

281 482 457 526 nullam
490 495 584 524 non
616 480 899 538 disciplinam
938 480 1184 538 degustare
1218 481 1410 537 cupiunt
1431 487 1476 525 et

279 557 496 600 lubenter
541 553 600 599 ad
642 554 902 600 discendum
947 555 1169 599 accedunt
1200 570 1283 599 nec
1313 556 1473 599 satiari

280 631 491 677 discendo
529 637 718 689 possunt
753 633 814 685 1).
849 629 1005 676 Talem
1037 629 1240 675 indolem
1273 631 1470 674 animad-

280 706 490 751 vertebat
532 705 743 751 Socrates
775 709 824 750 in
860 707 1083 751 Isocrate:
1118 713 1223 758 φύσει
1251 714 1343 761 γάρ,
1379 708 1468 760 ait,

279 785 400 825 ἔνεστι
421 800 477 831 τις
510 783 706 835 φιλοσοφία
734 790 782 837 τῇ
813 787 878 825 τοῦ
917 784 1050 837 ἀνδρὸς
1077 785 1228 834 διανοίᾳ
1261 784 1321 838 2).
1356 780 1472 826 Ean·
1541 806 1546 812 ·

281 858 384 903 dem
426 858 702 903 Plutarchus
743 859 910 903 tribuit
955 858 1184 903 Ciceroni:
1225 858 1337 901 »fuit
1370 860 1473 909 ille,

279 937 398 988 ὥσπερ
418 939 442 976 o‘
450 936 615 976 Πλάτων
641 937 743 993 ἀξιοῖ
765 940 833 986 τὴν
854 936 1046 987 φιλομαθῆ
1060 939 1123 975 καὶ
1137 935 1335 986 φιλόσοφον
1349 940 1473 985 φύσιν,

279 1008 354 1055 οἷος
402 1010 636 1055 ἀσπάζεσθαι
676 1014 755 1050 πᾶν
795 1014 954 1060 μάθημα
987 1013 1050 1049 καὶ
1093 1010 1209 1060 μηδὲν
1244 1009 1356 1057 λόγου
1381 1009 1473 1060 μηδὲ

280 1085 454 1131 παιδείας
479 1085 669 1135 ἀτιμάζειν
697 1081 815 1130 εἶδος”
849 1083 912 1135 3).
969 1081 1056 1126 Cui
1074 1084 1323 1126 assentitur
1340 1080 1472 1125 Eras-

279 1172 401 1200 mus:
447 1159 616 1200 »multo
647 1158 893 1218 maximam
919 1159 1209 1215 eloquentiae
1238 1172 1347 1201 suae
1370 1172 1472 1215 par-

278 1238 373 1275 tem
406 1231 604 1290 (Cicero)
637 1232 796 1276 debuit
819 1239 1033 1287 naturae,
1062 1248 1198 1291 quam
1222 1248 1354 1277 nemo
1383 1233 1468 1277 sibi

281 1306 391 1352 dare
406 1306 655 1366 potest''4).
675 1307 876 1353 Eandem
892 1315 1002 1361 φύσιν
1021 1308 1296 1367 agnoscebat
1314 1306 1470 1353 Cicero

277 1383 326 1427 in
352 1381 618 1436 Hortensio,
635 1386 684 1428 in
701 1382 761 1428 M.
778 1383 962 1436 Pisone,
983 1385 1034 1428 in
1052 1382 1098 1428 G.
1116 1383 1292 1428 Licinio
1311 1383 1470 1434 Calvo,

278 1461 471 1518 aliisque
488 1461 759 1505 oratoribus,
822 1459 1135 1514 Quintilianus
1159 1462 1208 1506 in
1236 1463 1469 1519 prooemio

277 1536 425 1595 operis
456 1538 697 1595 pulchram
734 1538 903 1581 hancce
936 1539 1148 1581 enuntiat
1170 1539 1469 1581 sententiam:

277 1614 338 1668 ei,
394 1614 468 1656 cui
528 1612 673 1658 deerit
723 1615 979 1672 ingenium,
1029 1628 1122 1656 non
1170 1613 1313 1672 magis
1363 1613 1474 1658 haec

275 1688 444 1747 scripta
479 1695 606 1740 sunt,
657 1704 796 1748 quam
828 1689 884 1733 de
918 1703 1136 1747 agrorum
1169 1689 1299 1733 cultu
1335 1691 1472 1733 steri-

275 1764 399 1809 libus
432 1763 603 1810 terris.'’

335 1839 423 1885 Ubi
455 1856 564 1901 ergo
597 1842 706 1885 talis
737 1842 914 1887 indoles
948 1840 1115 1892 aberit,
1156 1843 1195 1884 si
1239 1843 1315 1885 cui
1347 1841 1471 1885 deest

276 1917 449 1975 ingenii
481 1931 691 1971 acumen,
721 1932 812 1975 quo
840 1918 899 1962 ad
925 1917 1025 1961 veri
1047 1918 1352 1976 cognitionem
1373 1933 1473 1975 per-

275 1993 454 2043 veniat,
494 1993 534 2035 si
567 1998 692 2035 caret
724 1993 910 2050 pulchri
942 2008 1097 2045 sensu,
1132 1995 1171 2035 si
1204 2008 1299 2035 non
1331 1993 1469 2036 habet

277 2067 478 2112 animum
531 2082 813 2126 propensum
867 2068 926 2112 ad
973 2069 1280 2119 honestatem,
1329 2070 1468 2111 talem

275 2143 503 2188 hominem
549 2143 585 2186 si
628 2144 856 2195 videmus,
900 2159 1078 2187 summo
1113 2145 1220 2200 jure
1264 2151 1468 2188 statuere

275 2218 455 2263 licebit:
488 2218 561 2262 hic
604 2234 841 2277 nunquam
884 2234 992 2263 vere
1027 2221 1242 2277 eloquens
1278 2220 1470 2264 evadere

320 2374 352 2414 1)
374 2372 429 2405 De
451 2373 539 2417 Rep.
563 2385 596 2416 p.
619 2374 682 2408 475
706 2374 744 2407 O.

320 2430 353 2471 2)
376 2429 525 2463 Phaedr.
548 2442 582 2473 p.
606 2430 670 2464 279
693 2431 734 2464 Β.
784 2453 786 2455 ·

320 2490 352 2530 3)
375 2488 461 2521 Vita
483 2488 592 2523 Cicer.

324 2546 356 2587 4)
379 2544 463 2577 Vid.
487 2546 562 2587 ejus
585 2546 754 2588 Dialogus
779 2547 841 2589 qui
863 2548 1079 2580 inscribitur:
1104 2549 1358 2580 Ciceronianus.
