1786 2956
852 268 906 309 79

281 413 382 456 tur,
448 403 675 462 quomodo
740 409 898 447 orator
957 402 1182 454 docendo,
1236 403 1477 461 placendo,

281 479 511 525 movendo
561 479 793 524 auditores
844 478 1011 525 flectat.
1077 479 1186 524 Tria
1219 481 1340 524 enim
1370 479 1479 523 haec

280 555 558 615 respondent
590 556 734 601 tribus
766 556 1065 601 facultatibus
1100 557 1242 600 animi
1266 556 1477 599 humani:

281 634 488 678 facultati
520 633 826 692 intelligendi,
871 633 945 677 cui
982 633 1196 677 convenit
1223 636 1265 673 τὸ
1297 632 1477 686 docere3

283 709 499 754 facultati
546 708 793 764 sentiendi,
840 709 912 753 cui
960 710 1175 753 convenit
1202 715 1244 752 τὸ
1276 710 1479 768 placere;

284 788 499 832 facultati
532 787 797 846 appetendi,
842 788 913 831 cui
948 788 1162 832 convenit
1188 794 1230 831 τὸ
1272 801 1478 839 movere3

284 869 381 907 tum
414 863 552 908 etiam
583 862 752 915 tribus,
787 876 907 922 quae
945 876 1049 906 cum
1084 862 1158 907 his
1191 869 1478 922 congruunt,

284 942 575 998 eloquentiae
607 938 865 998 principiis,
897 954 1030 991 vero,
1079 940 1298 999 pulchro,
1341 940 1476 984 bono.

345 1014 615 1074 Dispositio,
663 1029 770 1074 pars
815 1015 1061 1059 rhetorices
1109 1029 1276 1074 magna
1319 1021 1366 1058 et
1398 1015 1481 1058 dif-

282 1092 429 1144 ficilis,
473 1092 611 1151 digna
659 1097 884 1148 estsane,
927 1108 1047 1151 quae
1081 1093 1253 1149 majore
1286 1107 1401 1136 cura
1434 1098 1481 1135 et

283 1168 441 1214 labore
481 1173 705 1213 tractetur
750 1182 884 1228 quam
927 1167 987 1213 ad
1036 1167 1261 1213 hodierna
1294 1166 1481 1227 quidem

283 1252 490 1303 tempora
522 1250 718 1288 tractata
750 1251 846 1299 est3
871 1246 1041 1303 quippe
1059 1259 1190 1302 quae,
1224 1260 1367 1302 quum
1386 1246 1480 1302 pri-

284 1336 409 1365 mum
444 1327 601 1365 teneat
638 1322 687 1364 in
724 1321 955 1365 rhetorica
986 1322 1137 1364 locum
1172 1319 1243 1379 (ut
1269 1320 1377 1379 jure
1407 1334 1480 1364 me

285 1402 486 1441 statuere
503 1398 752 1449 existimo),
764 1396 1004 1441 minimum
1020 1399 1143 1441 inter
1162 1403 1361 1455 quatuor
1372 1397 1478 1441 illas

285 1480 439 1532 partes
488 1473 668 1517 obtinet
728 1475 942 1532 spatium.
996 1476 1057 1526 1).
1122 1471 1209 1517 Hic
1256 1474 1482 1532 imprimis

285 1552 392 1601 λόγος
419 1552 529 1602 λόγον
577 1549 783 1607 adjuvet‚
822 1550 941 1594 ratio
970 1550 1224 1594 auxilietur
1258 1551 1481 1594 orationi:

285 1640 389 1668 nam
447 1626 533 1669 hac
585 1627 634 1668 in
682 1632 814 1683 parte
876 1628 1077 1669 maxime
1140 1628 1346 1669 cernitur
1411 1626 1483 1669 vis

285 1702 454 1759 logices
483 1707 529 1745 et
563 1700 818 1746 dialectices
832 1738 841 1753 ,
876 1702 1042 1760 quibus
1075 1702 1313 1760 dispositio
1337 1702 1484 1746 omnis

287 1777 468 1822 nititur.

349 1852 645 1912 Quantopere
682 1857 833 1899 oratio
878 1862 1077 1903 structa,
1111 1857 1302 1914 elegam,
1335 1857 1486 1913 polita

287 1931 443 1974 valeat
481 1931 539 1975 ad
587 1931 995 1976 commendandum
1032 1937 1275 1985 oratorem,
1308 1930 1485 1975 illustri

290 2006 499 2064 exemplo
527 2006 796 2064 comprobat
835 2007 919 2051 illa
934 2021 1067 2066 gens,
1087 2008 1218 2064 cujus
1237 2008 1485 2064 scriptores

289 2082 415 2140 apud
447 2097 603 2127 omnes
634 2081 851 2141 Europae
878 2085 1075 2142 populos
1102 2084 1317 2127 maximis
1333 2084 1485 2143 legen-

287 2157 405 2202 tium
424 2158 589 2202 studiis
607 2164 823 2203 teruntur
835 2195 844 2210 ‚
862 2158 1062 2203 Francos
1078 2159 1192 2203 dico,
1225 2157 1425 2218 Elegans
1443 2165 1488 2205 et

288 2234 441 2280 lucida
474 2233 638 2290 dictio,
672 2249 792 2294 quae
831 2235 887 2279 ab
905 2235 1118 2279 omnibus
1136 2236 1295 2279 statim
1315 2235 1485 2279 intelli-

334 2485 366 2527 1)
389 2483 582 2527 Praecipue
604 2485 641 2518 in
663 2485 885 2520 Homiletica.
