1786 2956
862 335 918 376 52

285 468 476 526 penitus
508 471 660 513 animo
688 471 875 520 sentiat,
905 475 1056 514 mente
1085 471 1350 529 comprobet
1373 473 1483 516 etin

283 545 411 591 vitae
444 547 623 590 actione
658 552 903 604 sequatur,
943 547 991 590 id
1030 561 1132 591 cum
1171 550 1275 592 aliis
1320 549 1488 593 diserte

285 622 624 665 communicet?
687 619 927 674 Quomodo
970 623 1031 676 is,
1077 622 1205 680 cujus
1244 625 1364 668 facta
1396 631 1485 669 tes-

285 705 446 741 tantur
496 704 658 741 contra
698 698 953 753 justitiam,
1003 698 1121 742 idem
1175 700 1392 744 laudator
1442 707 1486 745 et

283 773 458 818 vindex
484 772 700 832 justitiae
733 788 832 818 esse
864 773 1071 833 poterit?
1105 773 1229 819 Num
1246 777 1483 835 improbus

282 851 337 895 de
381 852 556 895 virtute
595 851 737 895 verba
769 852 979 896 facturus
1014 858 1082 896 est
1114 867 1198 910 pro
1239 852 1305 896 rei
1338 853 1483 912 digni-

279 934 375 972 tate
387 927 408 970 ⁴?
471 926 593 972 Num
610 928 860 987 pulchrum
876 927 1143 988 bonumque
1159 944 1269 974 vere
1287 929 1482 975 laudare

279 1008 456 1064 poterit
494 1006 597 1060 ille,
636 1006 768 1062 cujus
806 1011 967 1063 pectus
1002 1022 1095 1049 non
1116 1005 1280 1065 flagret
1296 1007 1480 1051 honesti

277 1082 467 1126 amore?
536 1081 728 1126 ’Pectus
785 1088 855 1126 est
913 1082 1036 1141 quod
1085 1082 1282 1128 disertos
1333 1082 1480 1129 facit.''

276 1161 424 1203 Aurei
452 1160 593 1216 hujus
627 1159 738 1202 dicti
776 1160 1021 1202 veritatem
1053 1157 1248 1203 historia
1281 1166 1327 1204 et
1353 1162 1478 1205 vitae

272 1251 380 1281 usus
412 1236 521 1281 satis
553 1236 776 1296 probant,
816 1242 862 1280 et
895 1250 1017 1291 sane,
1051 1238 1205 1281 nescio
1230 1238 1475 1296 quomod0‚

270 1315 442 1374 gaudio
493 1314 719 1358 afficimur
768 1313 971 1373 legentes
1018 1313 1142 1373 apud
1191 1312 1473 1359 Ciceronem:

276 1391 406 1436 »Jam
439 1392 702 1450 antiquitus
730 1390 866 1434 iidem
903 1397 1035 1435 erant
1057 1391 1240 1435 vivendi
1263 1406 1473 1450 praecep-

268 1476 391 1514 tores
454 1476 596 1527 atque
660 1466 870 1517 dicendi,
927 1474 982 1511 ut
1033 1466 1158 1526 apud
1220 1465 1472 1512 Homerum

266 1545 503 1599 Phoenix,
553 1546 634 1602 qui
679 1561 706 1587 a
748 1543 885 1587 Peleo
928 1550 1060 1602 patre
1109 1544 1279 1588 Achilli
1305 1545 1468 1601 juveni

265 1637 412 1666 comes
451 1623 587 1665 datus
616 1626 685 1664 est
709 1621 766 1663 ad
790 1620 988 1675 bellum,
1021 1626 1075 1664 ut
1108 1622 1244 1664 illum
1269 1622 1468 1665 efficeret

266 1706 494 1743 oratorem
548 1697 799 1742 verborum
844 1704 1135 1758 actoremque
1177 1698 1354 1741 rerum”
1406 1701 1466 1751 1).

264 1775 398 1834 Ergo.
412 1777 510 1834 jam
544 1781 646 1819 tum
685 1773 1030 1825 existimabant,
1062 1788 1187 1826 eum,
1221 1774 1301 1834 qui
1331 1781 1466 1834 aptus

264 1857 324 1898 sit
374 1853 433 1898 ad
487 1852 768 1897 reddendum
822 1854 1024 1911 aliquem
1077 1852 1250 1896 bonum
1304 1853 1465 1904 civem,

264 1932 458 1976 eundem
475 1946 606 1988 posse
625 1930 763 1974 etiam
780 1935 1005 1973 oratorem
1024 1929 1217 1981 efficere3
1251 1944 1463 1987 agnosce-

261 2008 374 2052 bant
414 2013 595 2051 arctum
634 2021 730 2051 esse
773 2005 1012 2049 vinculum
1056 2006 1178 2050 inter
1211 2005 1332 2049 facta
1364 2020 1463 2050 ver-

260 2086 421 2142 baque.
510 2083 715 2127 Socratis
766 2085 1029 2141 exemplum
1077 2084 1187 2125 satis
1234 2097 1463 2140 superque

261 2161 394 2204 nobis
426 2160 651 2209 ostendit,
682 2174 784 2204 eum
818 2159 1015 2203 maxime
1048 2158 1337 2217 eloquentiae
1370 2160 1463 2201 vim

261 2251 352 2295 qua
384 2237 571 2281 valebat
610 2236 818 2280 hausisse
845 2250 869 2280 e
897 2236 1089 2280 virtute.
1134 2233 1461 2279 Demosthenes

260 2330 354 2359 non
400 2316 537 2359 aliam
581 2314 637 2359 ob
688 2329 873 2358 causam
922 2319 1054 2357 tanta
1104 2314 1378 2357 auctoritate
1411 2314 1459 2355 in

258 2390 453 2433 dicendo
488 2391 657 2444 valuit,
689 2390 778 2433 nisi
808 2390 930 2448 quod
960 2390 1058 2445 ejus
1078 2389 1308 2432 orationes
1326 2390 1457 2447 quasi

297 2567 328 2606 1)
352 2564 405 2596 De
430 2564 525 2597 Orat.
554 2564 583 2595 3.
610 2565 660 2596 15.
