1786 2956
856 263 912 303 23

284 404 366 440 ὅσοι
393 400 478 451 τῇδε
508 400 613 446 θεοί,
644 398 767 448 δοίητέ
789 412 850 448 μοι
874 396 976 449 καλῷ
1001 398 1176 445 γενέσθαι
1202 397 1388 436 τᾶνδοθεν
1416 396 1482 453 1),

285 477 521 518 internum
575 473 694 516 illud
752 474 997 532 pulchrum
1057 474 1331 530 primarium
1375 488 1482 516 sane

287 554 334 595 in
399 552 664 609 eloquentia
722 556 850 595 tenet
885 551 1060 595 locum.
1124 555 1212 596 Πᾶς
1251 555 1273 590 ό
1309 553 1389 604 βίο»ι
1422 555 1484 590 τοῦ

285 630 498 680 ἀνθρώπου
541 629 744 680 εὐρυθμίας
790 645 829 668 τε
876 631 938 667 καὶ
981 629 1221 681 εὐαρμοστίας
1258 629 1393 676 δεῖται,
1431 636 1484 672 ut

285 704 370 746 hac
402 704 583 747 ratione
615 703 749 746 homo
785 708 954 756 χρήσιμος
982 703 1063 747 fiat
1091 707 1141 750 εἷς
1170 704 1379 756 τόζ,λέγειν.

348 777 501 836 Hujus
513 780 697 839 pulchri
716 795 841 823 amor
859 781 1226 824 inflammaverat
1238 779 1484 846 Socratemq

285 863 338 900 ut
380 872 463 915 per
508 870 737 900 sermones
779 871 885 900 suos
929 862 1038 899 τόκον
1066 863 1129 899 τοῦ
1156 859 1339 911 ἀληθινοῦ
1368 861 1481 901 καλοῦ

284 935 494 991 gigneret
552 934 599 974 in
649 932 990 975 adolescentum
1025 934 1202 976 animis.
1271 934 1481 990 Ejusdem

283 1008 467 1068 pulchri
523 1022 675 1053 amore
729 1013 926 1052 mentem
971 1007 1199 1053 imbuerat
1250 1007 1482 1064 Platonis,

285 1074 356 1136 ut,
419 1085 543 1144 quod
611 1083 815 1128 Socrates
869 1084 1188 1128 lubentissime
1248 1084 1481 1144 adspicere

285 1163 495 1221 optabat,
533 1162 777 1221 pulchrum
811 1162 1015 1205 animum
1048 1162 1097 1205 in
1147 1176 1333 1220 corpore
1380 1164 1481 1222 pul-

283 1239 391 1281 chro
426 1240 489 1290 2),
522 1238 570 1281 id
606 1237 777 1282 intueri
793 1239 930 1281 liceat
957 1238 1006 1280 in
1038 1236 1244 1281 Platonis
1280 1241 1479 1297 scriptis:

284 1330 401 1373 quae
447 1315 754 1373 pulcherrima
795 1315 942 1374 specie
975 1319 1020 1357 et
1052 1312 1197 1358 forma
1236 1316 1480 1359 enuntiant

284 1393 482 1449 cogitata
550 1397 596 1435 et
652 1392 902 1434 sententias
961 1392 1157 1449 pulchro
1209 1406 1267 1434 ex
1330 1394 1480 1435 animo

284 1468 415 1527 quasi
466 1468 751 1527 profluentes
762 1495 775 1523 ‚-
820 1467 931 1511 adeo
991 1473 1044 1511 ut
1091 1469 1212 1512 inter
1234 1491 1238 1494 ·
1260 1470 1480 1512 orationis

283 1548 472 1589 sormam
521 1551 657 1603 atque
706 1547 828 1602 ipsas
878 1559 951 1588 res
1000 1551 1046 1588 et
1095 1546 1297 1604 cogitata
1345 1552 1481 1589 natu-

284 1624 382 1666 rale
431 1621 658 1680 quoddam
707 1622 768 1664 sit
817 1622 1056 1664 vinculum
1096 1628 1141 1664 et
1185 1622 1479 1665 necessitudo

285 1700 515 1741 artissima
549 1696 628 1749 (¹⁸).

329 1909 360 1949 1)
383 1906 532 1940 Phaedr.
560 1917 593 1948 p.
621 1906 685 1939 279
708 1905 747 1938 Β.

329 1966 361 2008 2)
383 1964 438 1999 De
461 1964 549 2008 Rep.
572 1975 606 2007 p.
629 1964 704 1997 402.
726 1963 762 1996 O.
1073 2011 1075 2013 Ι

328 2024 374 2067 (*)
403 2023 459 2057 Ne
482 2023 562 2067 quis
581 2022 730 2056 miretur
750 2031 806 2055 me
822 2021 919 2064 justo
942 2019 1081 2052 brevius
1111 2023 1275 2052 tractasse
1299 2020 1413 2052 locum
1438 2019 1480 2051 de

283 2082 448 2128 pulchro,
476 2084 642 2125 tanquam
671 2079 841 2124 principio
871 2077 1092 2121 eloquentiae
1127 2088 1145 2110 e
1175 2080 1291 2111 mente
1314 2077 1481 2110 Platonis.

283 2142 376 2175 Nam
418 2150 658 2184 quaecumque
700 2138 743 2171 de
784 2136 932 2181 pulchro
975 2136 1093 2175 docet,
1137 2136 1363 2169 continentur
1396 2137 1483 2169 noti-

284 2199 409 2231 onibus
438 2209 524 2241 quas
560 2197 673 2235 attuli,
707 2196 764 2229 hic
797 2195 868 2228 illic
905 2194 1078 2237 dispersis.
1124 2193 1274 2237 Hippias
1295 2195 1422 2238 major,
1447 2195 1482 2226 in

283 2267 353 2301 quo
382 2256 519 2301 dialogo
546 2266 589 2289 ex
611 2254 786 2289 industria
809 2252 852 2286 de
874 2252 1022 2297 pulchro
1047 2251 1257 2295 disputatur,
1281 2263 1352 2285 non
1374 2252 1484 2295 ipsius

283 2315 442 2349 Platonis
472 2315 679 2348 sententiam
710 2314 753 2347 de
783 2313 930 2357 pulchro
961 2311 1121 2355 exponit,
1160 2303 1334 2354 s‘iquidem
1368 2312 1417 2344 ibi
1448 2312 1484 2344 id

284 2374 365 2415 agit,
400 2377 442 2406 ut
469 2374 605 2408 refellat
626 2373 728 2406 falsas
752 2371 970 2416 quorundam
992 2371 1182 2413 opiniones,
1208 2381 1297 2412 quae
1321 2370 1483 2412 vigebant

286 2445 348 2467 suo
381 2446 476 2474 aevo,
507 2434 542 2468 τὸ
577 2435 671 2468 καλὸν
699 2432 789 2464 nihil
818 2431 914 2464 aliud.
945 2442 1018 2463 esse
1048 2431 1116 2462 nisi
1137 2432 1174 2465 τὸ
1200 2434 1328 2477 πρέπον,
1361 2429 1415 2460 Vel
1447 2432 1481 2463 τὸ

284 2497 462 2542 χρησιμὸν,
501 2498 557 2547 vel
592 2499 697 2531 etiam
733 2498 768 2531 τὸ
797 2498 960 2542 ὠφελιμόν.
1008 2496 1178 2539 Negando
1212 2497 1319 2538 igitur
1352 2496 1387 2527 in
1417 2494 1481 2527 hoc
