1786 2956
896 301 921 342 8

315 432 504 478 Necesse
537 434 678 493 igitur
710 436 768 478 iis
803 440 901 478 erat
934 442 986 478 ut
1021 436 1248 479 alterutro
1283 437 1381 478 loco
1414 449 1504 478 non

303 525 433 561 vera,
489 509 569 554 sed
624 511 741 554 falsa
789 516 1053 565 tuerentur,
1103 513 1179 554 vel
1229 511 1399 570 potius,
1450 517 1505 555 ut

302 595 501 646 utraque
529 589 628 631 vice
650 593 922 638 φαντάσματα,
952 589 1103 630 ἀλλὀὐκ
1134 594 1228 630 ὄντα
1263 604 1504 647 perseque-

298 671 473 708 rentur.
539 662 877 708 Existimabant
915 664 1015 715 isti,
1059 679 1108 709 se
1148 666 1246 709 fore
1285 680 1338 710 eo
1380 675 1503 707 πιθα-

299 744 497 794 νωτέρους,
533 755 625 798 quo
658 742 811 785 minus
860 746 901 781 τὸ
944 742 1087 793 ἀληθὲς
1137 743 1185 785 in
1227 756 1407 800 quaque
1451 758 1503 786 re

298 823 523 861 curarent.
591 814 664 860 Sic
714 818 1022 876 eloquentiam
1064 817 1309 862 censebant
1341 824 1502 866 πειθοῦς

298 895 521 946 δημίουργόν
550 912 659 942 τινα,
713 909 803 952 qua
861 901 1083 953 tanquam
1132 909 1261 953 reges
1311 897 1405 939 vim
1451 903 1502 940 'et

298 974 615 1014 auctoritatem
648 969 770 1029 apud
793 972 1031 1029 populum,
1059 969 1144 1015 sibi
1168 977 1500 1029 compararent.

298 1052 449 1099 quozssg
475 1053 543 1099 μὲν
572 1050 693 1099 λέγειν
724 1054 843 1089 ποιεῖν
880 1049 1093 1100 ἠθέλησαν,
1133 1053 1168 1089 οἳ
1202 1053 1252 1090 ἂν
1287 1050 1501 1102 δορυφορεῖν

298 1129 425 1173 αὐτοῖς
452 1130 503 1173 ὡ,-
530 1126 742 1181 βασιλεὺσιν
772 1126 927 1167 ἐθέλωσι
958 1129 1008 1180 l).

355 1202 406 1245 In
454 1203 657 1248 Platonis
704 1201 891 1262 Gorgia,
938 1203 1017 1246 ubi
1057 1201 1267 1247 Socrates
1299 1204 1495 1261 suscipit

301 1279 591 1338 disceptandi
624 1287 780 1339 partes
808 1281 1022 1339 deinceps
1047 1296 1153 1324 cum
1178 1278 1365 1339 Gorgia,
1383 1279 1496 1324 Polo

299 1364 343 1401 et
378 1355 587 1408 Callicle,
621 1357 772 1401 tribus
803 1357 1035 1414 sophistis,
1070 1357 1149 1415 qui
1178 1372 1345 1414 magno
1364 1363 1499 1400 erant

294 1434 342 1477 in
375 1435 550 1478 honore
585 1434 708 1492 apud
741 1424 964 1492 populum
997 1433 1344 1485 Atheniensem,
1385 1440 1498 1478 stre·

297 1525 420 1555 nuus
471 1512 550 1555 ille
599 1511 810 1554 veritatis
859 1509 1031 1553 vindex
1081 1510 1283 1554 ostendit
1315 1510 1387 1564 iis,
1424 1512 1498 1554 vel

297 1588 449 1646 potius
495 1588 810 1632 ratiocinando
855 1603 930 1632 eos
974 1588 1108 1632 fateri
1142 1588 1287 1647 cogit,
1320 1588 1498 1632 nullam

299 1672 482 1709 exstare
516 1667 825 1723 eloquentiam
859 1664 1029 1723 absque
1046 1680 1159 1708 vera
1180 1666 1367 1709 notione
1377 1666 1496 1722 justi

295 1748 342 1785 et
375 1743 559 1799 injusti,
597 1748 642 1785 et
674 1743 722 1785 in
739 1748 837 1786 toto
858 1756 1069 1785 sermone
1087 1740 1296 1785 vindicat
1314 1756 1496 1785 auream
1528 1731 1531 1733 ³

295 1819 414 1862 hanc
462 1820 755 1863 sententiam:
804 1820 1047 1862 veritatem
1091 1823 1275 1861 tueatur
1315 1824 1497 1870 orator,

297 1894 503 1953 alioquin
552 1896 641 1939 hoc
688 1896 874 1938 nomine
923 1894 1141 1953 indignus
1192 1901 1263 1938 est
1294 1895 1494 1938 futurus.

297 1971 437 2014 Initio
472 1970 641 2030 dialogi
678 1969 870 2029 Gorgias
899 1970 1129 2030 gloriatur
1148 1985 1196 2014 se
1214 1971 1497 2015 essebonum

294 2055 547 2100 oratorem3
614 2056 662 2091 at
710 2046 944 2091 Socrates:
1013 2062 1331 2105 »nequaquam
1384 2048 1497 2091 tales

296 2127 403 2169 estis
437 2140 520 2170 nec
551 2131 623 2176 tu,
658 2140 741 2169 ncc
772 2124 935 2176 Polus,
969 2140 1051 2169 nec
1083 2123 1321 2177 Callicles,
1349 2139 1497 2183 neque

295 2204 437 2246 ceteri
497 2203 638 2246 vestri
682 2203 870 2253 similes,
921 2203 1000 2246 sed
1055 2201 1295 2245 ostendam
1343 2201 1494 2252 vobis,

295 2294 519 2338 quaenam
564 2294 673 2323 vera
715 2279 775 2323 sit
809 2279 1092 2338 eloquentia,
1128 2277 1229 2336 quis
1262 2293 1367 2323 vere
1403 2279 1494 2322 elo-

337 2461 368 2500 1)
394 2458 544 2491 Phacdr.
564 2469 597 2501 p.
626 2458 689 2490 266
714 2457 756 2495 C;
781 2458 825 2490 cf.
852 2457 894 2490 dc
918 2457 1007 2500 ch.
1034 2469 1065 2500 p.
1079 2459 1144 2490 490
1166 2458 1331 2491 D—496
1342 2458 1384 2497 A,
1398 2456 1495 2491 locus

294 2517 554 2560 pulcherrimus
579 2516 621 2548 dc
646 2516 823 2558 sophistis.
