1786 2956
859 335 916 378 80

286 473 426 528 gatur
438 504 448 521 ‚
467 483 558 528 qua
570 470 789 514 facultate
807 470 1054 529 scriptores
1069 468 1279 514 Francici
1291 470 1488 515 maxime

287 544 543 597 excellunt,
594 560 751 589 eorum
806 545 991 604 scriptis
1035 545 1230 604 gratiam
1274 545 1488 590 conciliat

286 627 332 666 et
389 623 560 667 famam
617 623 751 667 affert
790 622 1076 674 auctoribus,
1141 629 1320 681 quanta
1365 622 1489 667 haud
1534 634 1538 639 ’

284 698 417 741 facile
475 697 668 757 gloriari
711 705 909 756 possunt
952 698 1064 742 libri
1108 700 1207 742 ulla
1262 700 1355 743 alia
1401 701 1487 743 lin-

283 789 375 833 gua
417 774 595 832 scripti,
636 775 817 818 etiamsi
850 781 1121 834 argumento
1150 781 1196 819 et
1223 775 1360 819 rebus
1393 792 1485 819 non

282 851 436 894 minus
479 864 527 894 se
570 849 898 895 commendent.
960 849 1174 909 Apparet
1206 851 1330 902 inde,
1364 851 1487 910 quod

282 943 393 972 sane
439 927 561 972 inter
609 942 765 971 omnes
814 933 1012 978 constat,
1064 929 1225 972 saltem
1274 935 1487 973 constare

283 1003 434 1055 debet,
468 1005 674 1048 omnium
697 1005 896 1048 maxime
929 1003 986 1048 ab
1021 1009 1205 1048 oratore
1223 1019 1322 1048 esse
1340 1006 1487 1049 colen-

283 1081 395 1126 dum
448 1082 606 1126 stilum
639 1095 774 1139 quem
807 1081 1109 1138 appellamus,
1173 1078 1273 1135 Quo
1316 1082 1487 1139 majore

282 1163 435 1201 autem
467 1156 619 1201 studio
651 1151 748 1200 rem
781 1157 986 1214 aliquam
1018 1157 1314 1208 colimus‚.eo
1337 1158 1485 1217 magis

282 1235 493 1294 cupimus
551 1234 737 1293 penitus
809 1247 908 1278 eam
980 1248 1271 1292 cognoscere3
1338 1249 1484 1285 amor,

282 1324 373 1370 quo
401 1324 500 1356 eam
524 1311 786 1369 expetimus
811 1315 858 1354 et
879 1311 1215 1368 amplectimur,
1231 1309 1356 1354 haud
1374 1310 1485 1355 sinit

280 1403 363 1431 nos
405 1388 625 1431 desistere
663 1387 720 1430 ab
753 1385 1095 1444 investigando,
1128 1388 1403 1444 priusquam
1435 1389 1483 1429 in

280 1464 492 1508 intimam
523 1463 671 1522 ipsius
714 1463 782 1506 rei
825 1467 1038 1506 naturam
1070 1468 1315 1521 penetrare
1352 1461 1483 1507 nobis

282 1540 539 1599 contigerit.
594 1540 761 1597 Itaque
792 1545 946 1582 orator
996 1540 1281 1597 eloquentiae
1330 1556 1483 1584 amore

282 1616 461 1671 ardens,
496 1616 571 1660 cui
599 1621 893 1674 perspectum
938 1616 1047 1668 erit,
1098 1622 1324 1675 quantum
1356 1618 1482 1660 color

281 1701 327 1739 et
377 1694 525 1737 forma
569 1692 790 1736 orationis
838 1694 1025 1737 valeant
1083 1682 1161 1737 ut‘
1188 1694 1482 1751 propositum

281 1775 571 1829 assequatur,
629 1784 795 1814 arcana
866 1769 963 1813 stili
1025 1771 1213 1828 penitus
1264 1771 1480 1829 inquiret.

279 1846 402 1891 Hinc
438 1848 642 1890 nascitur
683 1846 916 1889 oratoriae
949 1847 1083 1897 artis,
1126 1851 1181 1889 ut
1212 1847 1280 1889 ita
1312 1846 1479 1897 dicam,

281 1927 535 1977 anatomia,
592 1938 711 1981 quae
754 1922 803 1966 in
848 1922 955 1967 stilo
998 1921 1207 1966 rimando
1251 1929 1479 1974 versatur,

277 2001 464 2060 figuras,
492 2005 671 2057 tropos,
701 1999 951 2049 schemata,
980 1999 1132 2043 omnia
1148 1999 1344 2057 denique
1361 2013 1479 2057 quae

278 2074 595 2121 commendare
655 2076 910 2119 orationem
979 2076 1180 2133 possint,
1235 2074 1479 2134 diligenter

279 2155 505 2212 explorat.
560 2150 736 2195 Harum
778 2165 932 2195 rerum
965 2152 1164 2210 cognitio
1192 2152 1348 2210 pueris
1375 2152 1476 2210 qui-

282 2230 385 2274 dem
446 2228 782 2286 intempestiva,
824 2215 1089 2285 juvenibus,
1140 2230 1218 2286 qui
1273 2234 1478 2273 oratores

278 2306 471 2351 evadere
500 2304 739 2359 studeant,
774 2304 928 2348 multis
960 2304 1221 2349 nominibus
1255 2320 1476 2350 commen-

275 2384 427 2428 danda
459 2388 540 2426 est.

336 2459 597 2509 Postremo,
642 2457 722 2502 ubi
772 2459 925 2519 agitur
970 2457 1026 2502 de
1074 2459 1474 2516 pronuntiatione,

275 2539 468 2582 facultas
500 2535 763 2580 memoriter
795 2534 995 2586 dicendi,
1029 2534 1086 2579 de
1114 2534 1244 2593 cujus
1273 2534 1475 2579 utilitate
