1786 2956
879 362 935 405 28

300 500 413 544 haec
442 499 687 543 dicentem:
730 498 964 544 »Positum
982 507 1051 544 est
1070 516 1096 543 a
1114 499 1264 554 nobis,
1292 500 1505 557 eloquen-

300 578 416 620 tiam
448 578 628 620 versari
662 578 709 620 in
744 577 1011 620 disserendo
1029 576 1085 620 de
1102 577 1230 633 justo
1249 582 1294 620 et
1314 577 1505 633 injusto·,

302 654 383 711 qui
417 668 526 712 ergo
558 653 658 696 fieri
692 658 845 710 posset
886 659 940 695 ut
976 654 1239 710 eloquentia
1284 658 1402 695 esset
1434 667 1505 695 res

301 730 492 786 injusta,
529 731 700 786 quippe
735 744 854 785 quae
891 743 1070 786 semper
1100 728 1350 785 dejustitia
1367 729 1506 773 verba

299 802 485 848 faciaff’?
520 807 566 857 l)

358 881 612 939 Postquam
622 879 842 941 Gorgiam
854 881 1081 925 refutavit
1095 880 1317 932 Socrates,
1332 882 1503 939 discep-

300 958 433 1002 tandi
462 964 617 1017 partes
648 959 839 1018 suscipit
856 957 1013 1011 PoluS‚
1033 965 1080 1003 at
1118 973 1207 1002 non
1226 958 1415 1003 meliore
1432 958 1504 1002 for

297 1042 414 1078 tuna
432 1050 456 1078 e
474 1037 722 1078 certamine
739 1036 929 1078 discedit
946 1051 1086 1093 quam
1104 1038 1234 1078 alter.
1252 1034 1324 1077 Ex
1343 1036 1505 1078 ultima

297 1111 439 1169 hujus
475 1111 804 1170 disputationis
822 1118 955 1170 parte
983 1113 1210 1156 nonnulla
1240 1112 1502 1156 delibemus,

361 1186 514 1230 Socr.
563 1185 601 1229 E
650 1202 924 1247 praegressa
957 1188 1296 1246 disputatione,
1330 1190 1503 1246 inquit,

299 1265 536 1322 sequitur,
587 1264 646 1308 ad
695 1265 1001 1309 defendendas
1046 1266 1240 1322 injurias
1280 1265 1357 1309 vel
1395 1281 1502 1309 suas

299 1342 374 1384 vel
423 1347 669 1399 parentum
716 1341 792 1385 vel
842 1342 1095 1385 amicorum
1138 1341 1214 1384 vel
1247 1340 1503 1385 liberorum

296 1419 372 1462 vel
406 1419 589 1477 patriae
610 1418 784 1476 injusta
804 1417 1073 1462 facientium
1098 1419 1285 1461 minime
1299 1454 1308 1469 ‚
1328 1434 1353 1461 o
1371 1417 1500 1469 PoIe,

297 1496 463 1538 utilem
512 1511 610 1539 esse
658 1496 790 1539 nobis
840 1497 1173 1553 eloquentiam·‚
1223 1497 1313 1538 imo
1347 1497 1501 1553 potius

298 1572 581 1617 contrarium
620 1574 724 1632 quis
758 1572 1035 1624 arbitretur,
1086 1577 1292 1631 oportere
1341 1587 1502 1633 nempe

298 1651 509 1708 quemvis
556 1665 769 1694 accusare
810 1651 1012 1708 primum
1046 1665 1093 1693 se
1128 1651 1301 1708 ipsum,
1335 1650 1500 1692 deinde

297 1728 433 1771 etiam
460 1728 712 1771 familiares
743 1734 1021 1785 ceterosque,
1051 1726 1315 1785 quicunque
1339 1726 1500 1784 injusti

297 1804 408 1863 quid
452 1803 630 1854 fecerit,
675 1819 825 1862 neque
865 1805 1119 1858 occultare,
1159 1803 1237 1847 sed
1271 1804 1318 1846 in
1352 1805 1500 1847 lucem

293 1882 501 1939 proferre
534 1882 841 1935 malefactum,
875 1888 929 1925 ut
962 1897 1131 1940 poenas
1160 1881 1238 1925 det
1273 1887 1410 1939 atque
1433 1882 1501 1925 ita

294 1959 449 2002 salvus
500 1956 689 2011 e'vadat3
743 1973 902 2018 cogere
952 1960 1092 2002 etiam
1139 1965 1185 2002 et
1234 1964 1405 2003 ceteros
1455 1964 1500 2001 et

292 2050 340 2079 se
398 2035 575 2093 ipsum,
626 2043 700 2086 ut,
761 2036 972 2094 deposito
1033 2037 1158 2079 omni
1211 2037 1398 2085 timore,
1455 2050 1501 2079 se

294 2114 437 2156 oculis
470 2114 639 2156 clausis
674 2127 726 2156 ac
757 2112 941 2157 fortiter
969 2114 1101 2172 quasi
1135 2111 1310 2156 medico
1345 2111 1502 2156 tradat

294 2190 352 2233 ad
384 2189 632 2233 secandum
678 2197 721 2234 et
761 2191 1012 2241 urendum,
1061 2190 1231 2233 bonum
1265 2192 1417 2233 solum
1451 2204 1502 2232 ac

293 2266 541 2326 pulchrum
590 2273 821 2326 spectans,
872 2266 1049 2312 nullam
1109 2282 1219 2311 vero
1280 2266 1502 2310 rationem

293 2344 465 2388 habens
523 2346 716 2397 doloris,
772 2352 846 2397 ut,
896 2345 932 2389 si
983 2344 1091 2403 quid
1142 2345 1301 2389 fecerit
1350 2346 1500 2403 plagis

292 2422 498 2481 dignum,
523 2422 579 2466 ad
606 2422 942 2467 verberandum
960 2437 1007 2466 se
1030 2422 1187 2473 dedat,
1218 2423 1255 2465 si
1280 2422 1499 2472 vinculis,

335 2599 366 2639 1)
414 2597 521 2639 Gorg.
546 2608 578 2639 p.
604 2597 683 2635 460,
707 2596 748 2630 E.
