1786 2956
855 324 908 365 15

346 462 621 505 Persuasum
655 460 695 502 ei
723 467 839 510 erat,
872 459 908 502 si
938 474 1063 502 amor
1092 461 1365 516 sapientiae,
1399 461 1475 503 cui

284 538 575 598 propositum
595 542 664 581 est
695 550 855 581 verum
887 551 1093 586 noscere,
1119 535 1304 595 Lysiam
1337 535 1474 580 Phae·
1529 550 1540 562 ·

286 614 512 673 drumque
543 613 673 657 velut
706 612 861 657 divino
895 612 1056 657 afflatu
1090 620 1288 663 teneret,
1314 628 1479 656 revera

285 690 549 748 eloquentes
568 704 644 733 eos
677 704 916 741 evasuros,
945 689 1117 734 relictis
1135 689 1473 733 declamationi-

283 767 393 818 bus,
412 781 526 825 quas
543 768 804 811 commentis
837 773 881 811 et
897 767 1093 810 fallaciis
1120 767 1279 825 plenas
1309 765 1367 810 ad
1390 765 1474 810 hoc

284 858 430 902 usque
461 850 642 902 tempus
674 843 956 887 habuissent.
1015 842 1089 886 Sic
1107 844 1225 887 enim
1243 845 1472 888 existima-

283 920 363 964 bat
419 919 605 979 Lysias,
665 920 777 963 item
825 919 964 962 ceteri
1011 920 1266 976 sophistae:
1324 919 1477 963 »haud

284 1011 468 1041 necesse
501 1011 596 1041 esse
629 1011 785 1040 veram
812 995 979 1040 habere
995 996 1475 1053 scientiamjustarum

283 1088 439 1117 rerum
470 1075 544 1117 vel
575 1073 819 1122 bonarum,
859 1074 935 1116 vel
968 1074 1106 1117 etiam
1138 1072 1376 1117 hominum
1408 1074 1475 1117 ita

284 1158 385 1205 φύσει
412 1158 437 1205 ἤ
462 1159 579 1206 τροφῇ
635 1156 1019 1209 comparatorum,
1076 1152 1118 1194 ei
1174 1151 1251 1209 qui
1312 1151 1473 1208 cupiat

283 1228 474 1272 idoneus
523 1232 677 1272 orator
735 1228 955 1281 existere3
995 1228 1210 1270 universe
1249 1229 1389 1283 enimv
1422 1228 1471 1270 in

277 1304 464 1360 judiciis
521 1319 613 1347 non
671 1305 911 1347 veritatem
969 1318 1125 1346 curare
1185 1318 1472 1361 quemquam,

284 1380 362 1424 sed
394 1379 763 1439 probabilitatem
797 1384 918 1436 (τοῦτο
947 1377 1078 1421 δἐἶναι
1108 1383 1148 1420 τὸ
1176 1381 1297 1432 εἰκὸς).
1315 1377 1475 1438 Itaque

284 1456 554 1501 verisimilia
596 1450 786 1501 dicenda
830 1472 927 1501 esse
968 1464 1062 1500 tam
1093 1458 1142 1500 in
1187 1458 1476 1500 accusatione

286 1548 421 1593 quam
454 1534 504 1578 in
537 1532 821 1590 defensione,
860 1540 906 1579 et
939 1534 986 1578 in
1027 1533 1149 1578 omni
1203 1548 1338 1578 causa
1385 1548 1475 1578 sec-

285 1611 476 1655 tandum
505 1626 600 1655 esse
627 1613 899 1662 verisimile,
917 1614 1110 1654 multum
1126 1613 1279 1654 valere
1289 1611 1476 1668 jubenti

285 1686 549 1732 veritatem''
585 1689 647 1741 1).
696 1685 906 1732 Socrates
939 1703 1064 1739 vero,
1109 1687 1263 1739 »N01i,
1297 1688 1477 1746 inquit,

279 1765 465 1821 juvenis
503 1764 814 1816 dilectissime,
847 1766 915 1808 ita
942 1765 1176 1822 judicare;
1210 1780 1372 1809 caveas
1418 1763 1477 1808 ab

286 1841 477 1885 istorum
519 1843 799 1900 eloquentia,
840 1848 998 1886 contra
1029 1857 1139 1886 vero
1174 1841 1377 1885 animum
1410 1843 1476 1885 in-

287 1918 445 1962 tendas
464 1918 520 1962 ad
536 1919 821 1963 dialecticam
833 1955 842 1970 ,
861 1933 977 1978 quae
1005 1933 1143 1977 quam
1160 1918 1320 1963 efficax
1336 1919 1397 1963 sit
1420 1918 1479 1963 ad

287 2010 447 2040 verum
478 1996 819 2048 inveniendum,
848 1997 1085 2040 ostendere
1113 1995 1199 2040 tibi
1217 1994 1382 2039 lubet.”
1409 1995 1477 2039 lta

286 2071 544 2117 Phaedrum
590 2074 799 2118 hortatus
842 2073 1122 2118 dialecticam
1170 2086 1273 2117 eum
1310 2072 1475 2117 edocet.

286 2147 535 2209 Flagrabat
550 2149 696 2209 igitur
709 2137 914 2194 Socrates
931 2151 1031 2193 veri
1049 2163 1218 2198 amore,
1233 2149 1311 2207 qui
1324 2150 1478 2208 ipsum

287 2226 529 2278 excitabat,
573 2232 627 2270 ut
669 2232 762 2272 tam
809 2227 1103 2270 vehementer
1152 2230 1355 2271 oratores
1403 2226 1478 2271 sui

288 2304 390 2346 aevi
422 2304 719 2365 vituperaret.
783 2302 986 2347 Eandem
1019 2303 1076 2347 ob
1111 2319 1299 2347 causam
1325 2319 1476 2362 repre-

285 2379 446 2423 hendit
477 2381 675 2438 pictores
708 2386 753 2425 et
778 2385 956 2439 poetas,
987 2381 1138 2439 ipsum
1167 2380 1279 2424 adeo
1315 2379 1476 2425 Home·

332 2561 362 2602 1)
386 2559 535 2592 Phaedr.
559 2572 591 2603 p.
611 2560 674 2594 272
696 2560 739 2598 D,
763 2560 805 2593 E.
