1786 2956
890 278 948 318 47

306 408 534 467 loquitur:
591 405 703 462 »Qui
733 410 843 467 puri
878 408 1030 453 studio
1063 424 1161 454 sese
1194 411 1420 456 exercebit
1453 414 1501 456 in

306 486 566 544 cognitione
583 484 895 544 philosophiae
911 485 1189 531 christianae
1200 523 1211 538 ‚
1234 502 1326 546 quo
1346 486 1502 532 Cicero

306 576 355 604 se
376 562 584 605 exercuit
604 560 653 604 in
684 562 889 618 profana.
935 560 1023 615 Qui
1057 577 1110 605 eo
1127 563 1296 606 affectu
1313 563 1503 607 imbibet

305 636 506 693 psalmos
540 641 584 680 et
615 635 883 695 prophetas,
917 652 1007 696 quo
1042 638 1123 682 ille
1155 639 1315 683 hausit
1346 644 1501 697 poeta-

306 726 413 753 rum
443 711 608 763 libros3
641 714 720 770 qui
752 718 884 755 tanta
915 712 1156 770 vigilantia
1194 714 1398 757 studebit
1431 729 1500 757 co-

307 801 525 846 gnoscere
553 787 863 846 apostolorum
884 788 1087 841 decreta,
1118 788 1331 834 ecclesiae
1357 791 1499 841 ritus,

306 864 577 920 primordia,
625 877 917 921 progressum
966 879 1017 906 ac
1061 863 1308 921 deliquium
1350 868 1500 923 reipu-

305 937 450 983 blicae
478 939 778 988 christianae,
813 944 986 997 quanta
1013 939 1093 982 ille
1124 939 1353 984 laboravit
1374 940 1502 985 urbis

305 1028 530 1064 romanae,
552 1029 670 1071 prov
679 1014 910 1065 inciarum‚
928 1014 1282 1072 municipiorum
1300 1022 1345 1059 et
1363 1018 1502 1059 socio-

303 1105 408 1134 rum
437 1090 546 1147 jura
577 1091 792 1149 legesque
825 1090 1101 1149 perdiscere3
1136 1097 1238 1134 tum
1267 1093 1346 1149 qui
1380 1092 1503 1150 quod

303 1166 372 1209 his
415 1165 623 1211 omnibus
667 1165 833 1211 studiis
878 1172 1194 1224 comparatum
1237 1173 1305 1211 est
1338 1166 1395 1211 ad
1428 1183 1502 1212 res

303 1248 568 1299 praesentes
613 1242 987 1286 accommodabit:
1032 1243 1072 1285 is
1123 1244 1293 1300 poterit
1342 1245 1500 1302 aliquo

298 1317 403 1375 jure
436 1314 719 1362 Ciceroniani
752 1331 1004 1376 cognomen
1037 1317 1210 1361 ambire
1221 1316 1252 1361 2⁹⁹

365 1392 643 1437 Audivimus
691 1394 957 1448 nonnullos,
996 1408 1190 1451 quorum
1237 1396 1501 1439 testimonia

303 1470 389 1513 hac
412 1469 458 1512 in
487 1484 621 1512 causa
653 1470 842 1514 maximi
875 1475 982 1513 sunt
1010 1470 1244 1528 ponderis,
1273 1471 1329 1515 de
1346 1486 1499 1515 neces-

303 1544 435 1589 sitate
487 1551 551 1596 τῆς
599 1549 796 1597 ἐπιστήμης
839 1550 1083 1599 testantes;
1126 1560 1305 1603 possem
1342 1547 1500 1604 plures

304 1619 491 1671 addere,
524 1620 602 1663 sed
634 1620 744 1678 quid
776 1634 888 1678 opus
923 1621 1026 1663 est?
1074 1617 1205 1674 Quod
1234 1636 1293 1665 ex
1315 1622 1500 1665 illorum

304 1698 532 1740 sententia
579 1698 752 1740 oratori
800 1696 1052 1754 imponitur
1101 1712 1239 1751 onus,
1286 1705 1354 1742 est
1389 1713 1498 1742 sane

302 1787 518 1831 magnum
546 1778 592 1816 et
618 1786 777 1830 grave,
802 1772 881 1816 sed
918 1787 1011 1815 non
1044 1772 1238 1816 nimium
1266 1772 1307 1816 ei
1334 1774 1417 1831 qui
1440 1788 1492 1817 eo

302 1848 470 1893 nititur
501 1854 554 1893 ut
588 1849 833 1907 aliquando
868 1848 1080 1893 escendat
1114 1848 1173 1893 ad
1211 1850 1500 1908 eloquentiae

304 1926 561 1984 fastigium3
611 1927 650 1969 is
701 1927 822 1969 enim
869 1925 1051 1983 penitus
1095 1940 1368 1983 persuasum
1412 1926 1499 1970 sibi

303 2001 510 2054 habebit,
562 2003 718 2059 quanti
766 2002 905 2059 pretii
958 2001 1148 2045 scientia
1198 2001 1498 2046 existimanda

306 2078 368 2121 sit
395 2078 551 2121 futuro
578 2078 775 2129 oratori,
811 2078 886 2120 cui
920 2078 1155 2136 continget
1189 2074 1497 2121 Horatianum

305 2154 442 2198 illud:

304 2230 413 2273 Rem
450 2230 547 2274 bene
584 2229 793 2287 provisam
819 2229 942 2272 verba
984 2242 1067 2272 non
1103 2228 1231 2272 invita
1262 2237 1493 2287 sequentur.

368 2305 454 2350 Ille
492 2321 623 2365 ergo,
669 2306 746 2365 qui
788 2321 895 2350 vere
939 2307 1153 2364 eloquens
1185 2307 1286 2350 fieri
1319 2307 1496 2362 studet,

306 2382 455 2440 fugiat
498 2383 681 2426 inanem
726 2384 941 2441 speciem,
986 2397 1079 2425 non
1123 2382 1328 2426 effundat
1360 2384 1497 2427 verba

307 2457 442 2501 rebus
478 2461 808 2517 sententiisque
847 2459 1023 2511 inania,
1057 2459 1216 2503 tendat
1249 2458 1306 2503 ad
1334 2459 1495 2503 verita-
