1786 2956
857 294 911 336 19

283 429 341 473 ad
404 427 653 485 pulchrum
718 427 933 480 sensibile
983 427 1155 471 referri.
1237 425 1320 470 Est
1371 442 1478 470 vero

283 505 420 549 etiam
460 503 586 548 aliud
633 503 894 562 pulchrum,
935 504 1055 563 quod
1088 520 1180 547 non
1214 510 1344 561 patet
1381 519 1479 547 sen-

281 581 430 633 sibus,
491 580 612 640 quod
654 596 746 627 non
794 580 1033 627 invenitur
1083 583 1131 627 in
1181 580 1354 626 mundo
1403 581 1478 625 ad-

283 658 545 716 spectabili,
610 660 857 716 pulchrum
916 659 1018 703 dico
1078 659 1375 717 intelligibile
1436 666 1480 701 et

282 736 466 780 morale.
759 789 761 791 Ι

343 810 530 869 Duplex
546 813 691 871 igitur
724 813 969 870 pulchrum
1001 813 1343 871 distinguimus,
1362 813 1482 856 illud

285 888 407 945 quod
445 888 652 932 sensibus
692 888 969 947 percipitur,
1001 890 1145 947 vulgo
1178 889 1482 933 aestheticum

282 964 476 1015 dictum,
511 971 557 1010 et
589 966 875 1023 praeclarius
901 965 1151 1024 quoddam,
1187 965 1314 1024 quod
1331 966 1481 1009 animo

283 1046 327 1087 et
359 1047 511 1089 mente
543 1042 758 1087 cernitur.
824 1039 975 1095 Quum
1007 1048 1160 1087 autem
1192 1041 1396 1086 homines
1414 1043 1482 1085 ita

282 1119 536 1175 comparati
567 1119 728 1169 simus,
763 1124 818 1162 ut
849 1133 931 1177 per
963 1133 1122 1163 sensus
1161 1119 1219 1163 ad
1267 1119 1481 1163 coelestia

282 1199 327 1238 et
360 1194 519 1238 divina
552 1194 844 1239 escendamus
873 1201 919 1239 et
951 1210 1033 1253 per
1048 1195 1272 1239 mundum
1292 1195 1478 1253 adspec-

282 1270 471 1315 tabilem
536 1270 785 1316 evehamur
843 1272 902 1315 ad
943 1272 1167 1316 mundum
1214 1271 1479 1331 intelligibi-

281 1348 372 1391 lem
423 1348 493 1400 1),
543 1348 680 1392 aliter
727 1347 829 1392 fieri
867 1363 961 1391 non
995 1349 1170 1406 potuit,
1204 1350 1314 1406 quin
1346 1363 1478 1392 voca-

282 1423 415 1473 bula,
496 1423 664 1481 quibus
744 1424 923 1469 utimur
987 1424 1043 1469 de
1106 1425 1244 1469 rebus
1310 1430 1480 1477 νοητοῖς,

283 1499 553 1545 deriventur
586 1516 614 1545 a
654 1500 827 1546 mundo
855 1504 1002 1554 ὁρατῷ.-

343 1575 472 1621 Licet
510 1592 800 1636 nequaquam
847 1593 1067 1637 negemus
1102 1580 1355 1637 pulchrum
1389 1594 1480 1624 aes-

281 1652 502 1698 theticum
533 1655 692 1699 multis
723 1655 940 1713 partibus
980 1655 1119 1700 affine
1152 1662 1199 1700 et
1231 1662 1479 1715 cognatum

283 1744 380 1774 esse
440 1730 574 1775 alteri
622 1730 693 1775 illi
737 1731 857 1789 quod
905 1737 976 1777 est
1019 1732 1220 1777 celsioris
1263 1740 1478 1785 naturae,

276 1806 381 1864 jure
413 1812 567 1851 tamen
606 1808 906 1853 statuendum
940 1808 1146 1860 videtur,
1181 1810 1482 1854 aesthcticam

283 1882 570 1940 disciplinam
601 1886 781 1928 versari
814 1886 862 1929 in
895 1886 1065 1929 mundo
1098 1889 1282 1939 αῖσθητῷ.

343 1958 447 2005 Non
495 1966 566 2005 est
614 1960 750 2019 hujus
798 1962 979 2021 loci-et
1012 1964 1213 2008 multum
1245 1978 1370 2008 meas
1404 1978 1476 2008 ex-

282 2037 462 2081 cederet
509 2038 651 2090 vires,
700 2039 934 2097 inquirere
978 2041 1027 2083 in
1060 2039 1261 2085 diversas
1296 2040 1480 2099 pulchri

282 2112 592 2166 definitiones,
656 2114 851 2159 sufficiat
910 2115 1021 2159 mihi
1082 2131 1312 2174 exponere
1361 2133 1479 2176 quae

281 2191 337 2234 de
384 2190 577 2249 pulchro
626 2191 846 2235 disseruit
890 2193 990 2243 ille,
1031 2193 1162 2249 cujus
1212 2200 1338 2238 aetas
1371 2209 1476 2252 pro-

280 2269 393 2311 tulit
458 2268 662 2326 perfecta
725 2267 909 2327 pulchri
985 2271 1292 2329 exemplaria,
1358 2287 1476 2330 quae

325 2522 355 2562 1)
401 2519 451 2553 Of.
479 2520 642 2564 Sympos‚
666 2533 698 2564 p.
723 2522 896 2556 210-212
918 2523 958 2555 B.

1297 2586 1351 2628 2²³*
