1786 2956
853 332 909 375 42

285 461 503 509 arbitrari
531 465 721 509 solitum
748 466 871 517 illos,
901 467 980 524 qui
1008 466 1240 525 cognitam
1255 462 1480 509 haberent

284 553 400 591 rem,
430 539 487 584 de
519 554 608 598 qua
634 540 802 584 dicturi
828 547 1001 592 essent,
1030 542 1169 585 etiam
1191 540 1292 584 aliis
1309 540 1479 584 diserte

284 617 518 673 explicare
551 629 650 661 eam
680 631 831 673 posse,
849 618 930 675 qui
947 609 1056 661 vero
1072 618 1363 675 ignorarent,
1380 615 1479 660 falli

285 692 411 748 ipsos
445 699 490 734 et
522 691 681 735 fallere
714 692 951 736 audientes
989 695 1059 747 1),
1093 707 1235 736 aurea
1266 707 1375 736 sane
1409 698 1480 736 est

284 768 529 816 sententia,
567 765 702 810 nobis
734 766 870 811 etiam
898 769 1165 825 nostrisque
1196 766 1476 825 temporibus

283 855 375 884 non
418 841 718 902 negligenda3
758 844 852 886 imo
885 858 995 888 vero
1027 843 1203 887 dictum
1234 843 1321 886 hoc
1354 842 1480 900 quasi

282 917 521 962 criterium
547 918 705 963 haberi
732 926 887 978 potest
915 935 1007 978 quo
1035 919 1358 978 dijudicemuS‚
1377 918 1480 976 quis

281 993 367 1036 hac
399 994 448 1037 in
481 1000 611 1052 parte
645 997 707 1040 sit
738 1011 846 1040 vere
880 1002 1062 1046 orator,
1096 996 1200 1053 quis
1233 1009 1327 1038 non
1361 994 1431 1038 sit.

346 1066 499 1121 Quum
530 1070 675 1129 igitur
714 1072 964 1116 »scribendi
996 1070 1140 1116 recte''
1173 1070 1314 1124 (adde
1347 1075 1392 1115 et
1420 1068 1483 1113 di-

281 1144 463 1197 cendi),
508 1151 563 1190 ut
594 1144 851 1193 Horatiano
884 1147 1006 1191 dicto
1036 1151 1169 1198 utar,
1210 1160 1395 1205 »sapere
1426 1145 1483 1190 sit

280 1221 562 1279 principium
593 1228 639 1267 et
672 1224 823 1275 fons‚”
855 1223 963 1267 inde
989 1224 1199 1281 sequitur
1227 1227 1481 1273 oratorem,

281 1297 359 1353 qui
391 1312 488 1341 non
509 1299 652 1356 probe
668 1299 791 1345 norit
807 1314 915 1350 rem,
934 1298 991 1343 de
1008 1313 1098 1356 qua
1112 1298 1256 1343 verba
1272 1298 1482 1342 facturus

280 1371 355 1423 sit,
415 1375 708 1420 vehementer
754 1390 945 1435 peccare
993 1381 1153 1419 contra
1201 1373 1482 1432 principium

280 1449 400 1502 veri,
449 1451 668 1508 quoniam
714 1452 961 1496 destitutus
1004 1450 1213 1501 scientia,
1263 1464 1339 1494 res
1388 1464 1481 1493 non

281 1525 495 1569 tractabit
529 1541 553 1570 e
585 1529 801 1578 veritate,
837 1527 917 1573 sed
951 1529 1067 1574 δόξαν
1087 1530 1271 1570 tantum
1303 1531 1349 1569 et
1382 1539 1480 1584 spe-

281 1602 396 1645 ciem
428 1602 687 1648 sectabitur.

341 1677 478 1723 Plato
495 1715 505 1731 ‚
539 1681 622 1738 qui
656 1678 853 1724 Socratis
881 1678 1078 1737 vestigia
1106 1684 1293 1723 secutus
1312 1679 1479 1722 acerri-

278 1768 351 1798 me
378 1755 648 1800 adversatus
681 1762 751 1800 est
780 1754 999 1813 sophistis
1027 1753 1285 1813 probabilia
1297 1760 1480 1798 tantum

278 1831 577 1888 venantibus,
627 1834 862 1891 propriam
910 1832 1109 1875 oratoris
1160 1829 1385 1875 educandi
1433 1836 1479 1875 et

279 1908 509 1953 formandi
525 1909 789 1954 methodum
816 1914 1002 1953 secutus
1032 1913 1110 1951 est.
1145 1906 1199 1951 In
1217 1907 1347 1951 aditu
1364 1905 1479 1951 Aca-

279 1983 474 2037 demiae,
502 1992 556 2030 ut
582 1986 754 2037 ferunt,
771 1986 890 2030 hanc
918 1984 1195 2029 sententiam
1222 1983 1479 2042 scripserat:

279 2063 427 2108 »οὐδεὶς
453 2063 729 2115 ἅγεωμέτρητος
756 2062 922 2111 εἴσίτω,”
966 2075 1084 2119 quae
1127 2059 1269 2104 verba
1302 2058 1481 2118 egregie

278 2139 466 2181 omnino
500 2139 769 2195 exprimunt
785 2136 991 2181 Platonis
1009 2143 1207 2180 mentem
1225 2141 1270 2179 et
1290 2137 1477 2179 institu-

277 2212 461 2256 tionem.
535 2211 837 2270 Eloquentiae
886 2211 1147 2263 studiosus‚
1196 2211 1275 2269 qui
1307 2210 1365 2254 ab
1397 2210 1479 2253 illo

278 2287 448 2333 discere
512 2295 720 2348 cuperet,
798 2295 904 2333 ante
983 2289 1138 2332 omnia
1203 2287 1477 2346 geometriae

278 2364 568 2423 disciplinam
615 2366 863 2422 degustare
909 2364 1117 2410 debebat.
1169 2362 1287 2408 Huic
1320 2363 1477 2421 adjun-

323 2539 355 2580 1)
377 2536 569 2571 Memorab.
593 2538 624 2569 4.
649 2539 678 2569 6.
