1786 2956
837 288 892 329 13

267 424 508 470 intercedit
555 425 675 466 inter
724 422 1033 480 coquinariam
1084 429 1129 466 et
1161 423 1458 471 medicinam,

268 508 405 559 atque
436 500 557 543 inter
591 500 900 558 eloquentiam
916 505 1118 543 vestram
1136 505 1181 543 et
1198 514 1458 555 germanam

269 576 584 636 eloquentiam.
649 574 962 635 sophistarum
1016 577 1280 634 eloquentia
1321 578 1460 636 parti-

269 654 372 701 cula
404 654 624 714 quaedam
649 660 714 699 est
730 656 1002 708 ἐπιτηδεύσεως,
1021 655 1153 713 cujus
1175 654 1461 714 propositum

271 738 339 777 est
386 732 591 776 adulatio
624 727 795 791 aliqua:
828 735 969 777 talem
1002 748 1111 792 ergo
1156 732 1461 791 eloquentiam

269 810 495 868 jactantes
554 809 729 853 nullius
776 809 913 868 pretii
946 824 1041 853 esse
1072 809 1307 860 videmini,
1358 809 1464 868 quia

274 887 512 931 obscurare
571 886 712 930 vultis
770 888 869 930 veri
931 901 1151 936 amorem,
1199 886 1287 944 ipsi
1334 886 1463 930 salsis

274 963 471 1008 nitentes
503 962 750 1022 principiis.
788 965 835 1016 1)

335 1040 463 1084 Alibi
515 1038 720 1084 Socrates
770 1039 928 1097 objicit
969 1037 1186 1099 Gorgiae,
1236 1040 1359 1098 quod
1411 1055 1465 1084 ea

275 1131 413 1176 quam
454 1117 697 1174 profitetur
752 1116 1017 1175 eloquentia
1059 1116 1118 1160 sit
1151 1117 1465 1160 tantummodo

274 1192 582 1253 persuasionis
630 1193 805 1252 opifex,
862 1192 1020 1245 fidem,
1068 1209 1161 1237 non
1225 1194 1468 1238 scientiam

276 1270 512 1316 efficientis
540 1273 715 1323 (πειθοῦς
742 1272 960 1324 δημιουργός
988 1275 1061 1312 ἐστι
1077 1272 1467 1323 marturinis-‚disco

281 1349 590 1400 διδασκαλικῆς)·,
621 1348 732 1393 fides
765 1349 879 1392 falsa
911 1363 1008 1392 esse
1035 1355 1208 1407 potest,
1236 1363 1331 1392 non
1354 1363 1466 1393 vero

281 1426 496 1475 scientia,
546 1438 664 1483 quae
713 1425 861 1467 solum
892 1438 1000 1467 vero
1034 1424 1222 1476 nititur,
1254 1430 1468 1483 oportere

287 1518 397 1562 ergo
430 1501 737 1561 eloquentiam
770 1501 902 1546 unice
933 1517 1045 1546 vero
1077 1501 1162 1545 niti
1195 1499 1256 1560 2).

342 1578 416 1621 Ita
456 1576 666 1621 Socrates
704 1592 788 1635 per
821 1583 967 1620 totum
994 1577 1167 1621 librum
1195 1593 1243 1622 se
1273 1579 1467 1636 opponit

277 1654 515 1715 sophistiS,
561 1670 759 1715 quorum
808 1653 1069 1715 eloquentia
1109 1671 1137 1699 a
1169 1655 1300 1700 falsis
1332 1657 1468 1715 profi-

278 1733 535 1777 ciscebatur
567 1731 885 1790 opinionibus,
924 1732 1132 1791 neglecta
1162 1732 1372 1777 veritate.
1422 1732 1469 1778 Si

279 1811 382 1869 quis
413 1810 584 1869 optime
616 1815 773 1868 posset
804 1808 968 1853 ducere
1000 1815 1047 1853 et
1067 1809 1229 1854 fallere
1263 1810 1468 1855 multitu-

279 1887 432 1931 dinem
480 1887 629 1944 specie
678 1886 873 1944 quadam
914 1887 1143 1937 veritatiS,
1192 1886 1313 1930 hunc
1356 1893 1469 1931 tam-

281 1977 420 2022 quam
467 1963 694 2021 optimum
741 1967 972 2006 oratorem
1013 1962 1289 2014 honoribus,
1322 1963 1470 2022 gloria

282 2046 329 2084 et
377 2039 542 2099 opibus
590 2038 897 2082 cumulabant.
961 2037 1034 2082 Ita
1068 2053 1222 2082 omnes
1254 2038 1471 2084 audiendi

284 2115 474 2176 cupidos
496 2115 761 2160 imbuebant
776 2114 904 2159 vanis
922 2115 1143 2174 falsisque
1161 2116 1470 2173 opinionibus,

281 2193 582 2238 obfuscabant
627 2194 678 2236 in
738 2192 938 2236 omnium
991 2192 1221 2236 mentibus
1273 2208 1472 2238 amorem

280 2271 393 2315 veri.
434 2268 509 2313 Sic
542 2269 717 2329 agendo
750 2268 884 2313 aliter
916 2269 1015 2312 fieri
1047 2283 1141 2312 non
1175 2271 1328 2327 potuit
1361 2270 1470 2328 quin

327 2465 359 2505 1)
383 2463 488 2507 Gorg.
511 2475 546 2507 p.
571 2465 645 2502 463,
668 2466 741 2496 464.

327 2521 359 2561 2)
383 2521 489 2563 Gorg.
512 2532 548 2563 p.
572 2523 635 2553 455
658 2522 701 2553 A.
