1786 2956
735 673 933 719 CAPUT
966 672 1047 718 ΙΙΙ.

289 838 350 868 DE
394 836 482 869 USU
520 836 832 880 RHETORICAE,
867 837 957 869 NEC
991 836 1085 869 NON
1118 838 1179 869 DE
1214 835 1338 869 VERA
1370 836 1480 868 EJUS

765 942 1006 974 METHODO.

754 1097 1010 1123 —oossossoo—

349 1246 379 1293 J
383 1265 455 1294 am
512 1250 647 1308 quale
714 1249 802 1293 erit
857 1254 1069 1293 nostrum
1123 1247 1178 1293 de
1232 1247 1481 1294 rhetorices

287 1327 540 1383 praeceptis
573 1326 842 1382 judicium?
874 1324 995 1369 Num
1043 1327 1217 1384 regiam
1265 1327 1388 1369 viam
1437 1331 1482 1370 et

287 1418 445 1447 veram
472 1400 756 1453 methodum,
790 1415 929 1460 quam
956 1400 1087 1446 nobis
1116 1406 1339 1445 monstrat
1372 1416 1484 1445 sana

288 1477 530 1530 rhetorica,
547 1477 879 1536 relinquemus,
901 1479 1009 1536 quia
1032 1478 1250 1536 permulti
1273 1479 1483 1529 fuerunt,

289 1554 370 1614 qui
412 1559 511 1600 arte
564 1555 647 1599 illa
694 1552 996 1599 abuterentur
1052 1561 1133 1599 aut
1187 1554 1245 1599 ad
1300 1556 1484 1600 inanem

288 1630 533 1675 verborum
546 1646 760 1690 pompam
772 1637 817 1674 et
835 1632 1213 1692 ostentationem,
1233 1638 1313 1674 aut
1328 1667 1337 1682 ‚
1362 1630 1484 1689 quod

288 1707 419 1766 pejus
451 1714 545 1759 est,
579 1707 637 1752 ad
667 1705 873 1752 fraudem
910 1713 956 1752 et
987 1706 1327 1766 deceptionem?
1357 1706 1480 1752 Num

286 1786 469 1843 regulas
511 1784 567 1827 ab
606 1784 708 1841 ipsa
731 1785 1041 1842 praescriptas
1069 1789 1115 1827 et
1144 1789 1480 1842 superstructas

285 1870 331 1915 τῇ
357 1862 520 1914 ἀληθείᾳ
555 1875 835 1918 spernemus‚
859 1861 970 1919 quia
994 1861 1250 1919 complures
1284 1862 1481 1912 fuerunt,

286 1937 365 1993 qui
409 1950 508 1979 eam
551 1935 819 1980 adhiberent
861 1935 919 1980 ad
964 1950 1110 1992 nugas
1158 1942 1203 1980 et
1247 1936 1482 1980 fallacias?

283 2011 325 2058 N
328 2028 604 2071 equaquam3
623 2012 842 2071 quamdiu
854 2013 901 2057 in
913 2014 1085 2057 honore
1103 2014 1190 2058 erit
1208 2012 1479 2071 eloquentia,

284 2104 468 2133 necesse
495 2090 585 2133 erit
616 2095 672 2134 ut
704 2091 814 2134 artis
837 2089 1061 2134 theoriam
1089 2088 1231 2148 probe
1249 2091 1481 2149 cognitam

282 2166 526 2211 habeamus
563 2169 633 2220 1);
667 2166 884 2224 quamdiu
909 2167 1171 2225 eloquentia
1213 2166 1345 2211 nobis
1397 2168 1483 2211 erit

283 2244 513 2295 ψυχαγωγία
548 2259 604 2289 τις
638 2240 702 2302 (et
741 2241 905 2302 quidni
951 2241 1021 2289 in
1046 2248 1327 2301 perpetuum
1375 2243 1481 2287 talis

329 2404 362 2444 1)
386 2404 625 2447 „Ceteroquin
648 2406 740 2439 enim
762 2407 839 2439 fieri
860 2409 988 2449 posset,
1012 2409 1063 2444 ut,
1087 2407 1116 2439 si
1139 2417 1210 2439 non
1232 2406 1480 2448 nequidquam,

288 2463 381 2495 certe
415 2472 637 2506 nequaquam
671 2463 760 2498 bene
786 2464 1000 2498 diceremus”
1023 2464 1069 2506 (J.
1095 2463 1261 2507 Scaliger,
1286 2463 1323 2496 de
1339 2464 1481 2505 poetica,

290 2532 362 2563 cap.
387 2522 427 2563 1).
